@article{Mignot2015,
    title = {{{\&}quot;L'adoption international dans le monde: les raisons du d{\'{e}}clin{\&}quot;}},
    year = {2015},
    author = {Mignot, Jean-Fran√ßois},
    pages = {1--4},
    url = {https://www.ined.fr/fichier/s_rubrique/23160/population.societes.2015.519.adoption.monde.fr.pdf}
}

@article{Perotti2018a,
    title = {{14. Shadow banking}},
    year = {2018},
    author = {Perotti, Roberto and Shadow, T H E and System, Banking and Financial, O F and Companies, Holding},
    pages = {1--10}
}

@article{Perotti2018b,
    title = {{15 Monetary policy before the crisis: the debate}},
    year = {2018},
    author = {Perotti, Roberto},
    pages = {1--5}
}

@article{Perotti2018c,
    title = {{16. The financial crisis}},
    year = {2018},
    author = {Perotti, Roberto},
    pages = {1--46}
}

@article{Perotti2018d,
    title = {{18 Uconventional monetary policies}},
    year = {2018},
    author = {Perotti, Roberto},
    number = {iii},
    pages = {1--19}
}

@article{Polamuri2018,
    title = {{2 WAYS TO IMPLEMENT MULTINOMIAL LOGISTIC Implementing Multinomial Logistic Regression in}},
    year = {2018},
    author = {Polamuri, Saimadhu},
    pages = {1--19}
}

@article{Billari2018,
    title = {{30197 POPULATION DYNAMICS AND ECONOMICS Teaching assistant}},
    year = {2018},
    author = {Billari, Francesco and Fb, Francesco Billari and Rm, Ross Macmillan and Ls, Luca Stella},
    number = {1993},
    pages = {1--7},
    volume = {2018}
}

@article{Gile2010,
    title = {{7. Respondent-Driven Sampling: An Assessment of Current Methodology}},
    year = {2010},
    journal = {Sociological Methodology},
    author = {Gile, Krista J. and Handcock, Mark S.},
    number = {1},
    month = {8},
    pages = {285--327},
    volume = {40},
    url = {http://www.ncbi.nlm.nih.gov/pubmed/22969167 http://www.pubmedcentral.nih.gov/articlerender.fcgi?artid=PMC3437336 http://journals.sagepub.com/doi/10.1111/j.1467-9531.2010.01223.x},
    doi = {10.1111/j.1467-9531.2010.01223.x},
    issn = {0081-1750},
    pmid = {22969167}
}

@article{murray2000,
    title = {{A critical examination of summery measures of population health}},
    year = {2000},
    journal = {Bulletin of the World Health Organisation},
    author = {Murray, C J L and Salomon, J A and Mathers, C},
    number = {8},
    pages = {981--994},
    volume = {78},
    isbn = {20},
    issn = {00429686},
    keywords = {Statistics, cost of illness, health, health status indicators, summary measures}
}

@article{Chiu2013a,
    title = {{A Cross-National Comparison of Health Expectancy : Japan , the United States and Taiwan}},
    year = {2013},
    author = {Chiu, Chi-Tsun}
}

@article{Chiu2013,
    title = {{A Cross-National Comparison of Health Expectancy: Japan, the United States and Taiwan}},
    year = {2013},
    author = {Chiu, Chi-Tsun}
}

@book{Karlin1975,
    title = {{A First Course in Stochastic Processes}},
    year = {1975},
    author = {Karlin, Samuel and Taylor, Howard M.},
    number = {2},
    volume = {9},
    publisher = {Academic Press},
    address = {New York},
    issn = {0036-1445},
    pmid = {6545}
}

@article{Hanada1983,
    title = {{A Formula of Gini's Concentration Ratio and its Applications to Life Tables}},
    year = {1983},
    journal = {Journal of the Japan Statistical Society},
    author = {Hanada, Kyo},
    number = {2},
    pages = {95--98},
    volume = {13},
    url = {https://www.jstage.jst.go.jp/article/jjss1970/13/2/13_2_95/_pdf}
}

@article{Caswell2014,
    title = {{A matrix approach to the statistics of longevity in heterogeneous frailty models}},
    year = {2014},
    journal = {Demographic Research},
    author = {Caswell, Hal},
    number = {1},
    pages = {553--592},
    volume = {31}
}

@book{Rickayzen2002,
    title = {{A Multi-State Model of Disability for the United Kingdom: Implications for Future Need for Long-Term Care for the Elderly}},
    year = {2002},
    booktitle = {British Actuarial Journal},
    author = {Rickayzen, B.D. and Walsh, D.E.P.},
    number = {II},
    pages = {341--393},
    volume = {8},
    doi = {10.1017/S1357321700003755}
}

@article{rogers1989,
    title = {{A multistate analysis of active life expectancy.}},
    year = {1989},
    journal = {Public Health Reports},
    author = {Rogers, A and Rogers, R G and Branch, L G},
    number = {3},
    pages = {222--6},
    volume = {104},
    keywords = {80 and over, Activities of Daily Living, Actuarial Analysis, Aged, Humans, Life Expectancy, Longitudinal Studies, Massachusetts}
}

@article{Vacca2016,
    title = {{A personal network approach to the study of immigrant structural assimilation and transnationalism}},
    year = {2016},
    journal = {Social Networks},
    author = {Vacca, Raffaele and Solano, Giacomo and Lubbers, Miranda Jessica and Molina, Jos?? Luis and McCarty, Christopher},
    publisher = {Elsevier B.V.},
    url = {http://dx.doi.org/10.1016/j.socnet.2016.08.007},
    doi = {10.1016/j.socnet.2016.08.007},
    issn = {03788733},
    keywords = {Acculturation, Connectivity, Ego networks, Personal networks, Social capital, Transnationalism}
}

@article{Tuljapurkar2000,
    title = {{A universal pattern of mortality decline in the G7 countries}},
    year = {2000},
    journal = {Nature},
    author = {Tuljapurkar, Shripad and Li, Nan and Boe, Carl},
    pages = {789--792},
    volume = {405}
}

@book{haberman1999,
    title = {{Actuarial models for disability insurance}},
    year = {1999},
    author = {Haberman, Steven and Pitacco, Ermanno},
    editor = {{Chapman {\&} Hall}},
    address = {Boca Raton, FL}
}

@article{Borsch-Supan2013,
    title = {{Ageing, labour markets and well-being}},
    year = {2013},
    journal = {Empirica},
    author = {B{\"{o}}rsch-Supan, Axel},
    number = {3},
    month = {8},
    pages = {397--407},
    volume = {40},
    url = {http://link.springer.com/10.1007/s10663-013-9216-0},
    doi = {10.1007/s10663-013-9216-0},
    issn = {0340-8744}
}

@article{Sitter1992,
    title = {{All use subject to JSTOR Terms and Conditions A Resampling Procedure for Complex Survey Data}},
    year = {1992},
    journal = {Journal of the American Statistical Association},
    author = {Sitter, R R},
    number = {419},
    pages = {755--765},
    volume = {87},
    doi = {10.2307/2290213}
}

@article{Sheps1959,
    title = {{An Examination of Some Methods of Comparing Several Rates or Proportions}},
    year = {1959},
    journal = {Biometrics},
    author = {Sheps, Mindel C.},
    number = {1},
    pages = {87--97},
    volume = {15}
}

@book{Feller1950,
    title = {{An introduction to probability theory and its application}},
    year = {1950},
    author = {Feller, William},
    publisher = {John Wiley {\&} Sons},
    address = {New York}
}

@article{Fonte2015,
    title = {{Analisi dello stato di salute e dell{\&}apos;accesso ai servizi dei migranti}},
    year = {2015},
    author = {Fonte, Luigi and Russo, Antonio},
    url = {http://www.aslmi1.mi.it/it/monografie/analisi-dello-stato-di-salute-e-dellaccesso-ai-servizi-dei-migranti.html}
}

@article{Sharma2015,
    title = {{Analysis of a drinking epidemic model}},
    year = {2015},
    journal = {International Journal of Dynamics and Control},
    author = {Sharma, Swarnali and Samanta, G. P.},
    number = {3},
    pages = {288--305},
    volume = {3},
    publisher = {Springer Berlin Heidelberg},
    url = {http://dx.doi.org/10.1007/s40435-015-0151-8},
    isbn = {4043501501},
    doi = {10.1007/s40435-015-0151-8},
    issn = {21952698},
    keywords = {Alcohol abuse, Basic reproduction number, Forward and backward bifurcations, Local and global stability, Optimal control, Sensitivity}
}

@article{Cai2006a,
    title = {{Analysis of functional status transitions by using a semi-Markov process model in the presence of left-censored spells}},
    year = {2006},
    author = {Cai, Liming and Schenker, Nathaniel and Lubitz, James},
    number = {4},
    pages = {477--491},
    volume = {55},
    keywords = {Aging research, Functional disability, Life expectancy, Missing data, Multistate life-table model, Stochastic EM algorithm}
}

@article{Cai2006,
    title = {{Analysis of functional status transitions by using a semi-Markov process model in the presence of {\ldots}}},
    year = {2006},
    journal = {Journal of the Royal Statistical Society: Series C (Applied {\ldots}},
    author = {Cai, L and Schenker, N and Lubitz, J},
    pages = {477--491},
    url = {http://www.blackwell-synergy.com/doi/abs/10.1111/j.1467-9876.2006.00548.x%5Cnpapers://e7842f84-48e9-486c-a619-14a211cc4e62/Paper/p2122},
    keywords = {aging research, functional disability, life expectancy, life-table model, missing data, multistate, stochastic em algorithm}
}

@book{Korn1999,
    title = {{Analysis of Health Surveys}},
    year = {1999},
    author = {Korn, E L and Graubaud, B I},
    edition = {Wiley},
    pages = {32--33},
    address = {New York:},
    isbn = {0471137731}
}

@incollection{Caswell2006,
    title = {{Applications of Markov chains in demography}},
    year = {2006},
    booktitle = {MAM 2006: Markov Anniversary Meeting},
    author = {Caswell, Hal},
    pages = {319--335},
    publisher = {Raleigh: Boson Books},
    keywords = {Diomedea exulans, Eubalaena glacialis, North Atlantic right whale, birth interval, demography, fundamental matrix, lation models, life expectancy, matrix popu-, net reproductive rate, population dynamics, vec-permutation matrix, wandering albatross.}
}

@book{Keyfitz2005,
    title = {{Applied Mathematical Demography Third Edition}},
    year = {2005},
    booktitle = {Statistics for Biology and Health},
    author = {Keyfitz, Nathan and Caswell, Hal},
    edition = {Third},
    publisher = {Springer}
}

@book{Bradley1977,
    title = {{Applied Mathematical Programming}},
    year = {1977},
    booktitle = {Applied mathematical programming},
    author = {Bradley, Stephen P. and Hax, Arnoldo C. and Magnanti, Thomas L.},
    publisher = {Addison-Wesley Publishing Company}
}

@article{Marin2004,
    title = {{Are respondents more likely to list alters with certain characteristics?: Implications for name generator data}},
    year = {2004},
    journal = {Social Networks},
    author = {Marin, Alexandra},
    number = {4},
    month = {10},
    pages = {289--307},
    volume = {26},
    publisher = {North-Holland},
    url = {http://www.sciencedirect.com/science/article/pii/S0378873304000292},
    doi = {10.1016/J.SOCNET.2004.06.001},
    issn = {0378-8733}
}

@article{Saito2016,
    title = {{Article ¬´ Stabilit{\'{e}} des estimations de l ‚Äô esp{\'{e}}rance de vie sans perte d ‚Äô autonomie calcul{\'{e}}es au moyen de deux m{\'{e}}thodes de construction de tables de survie ¬ª}},
    year = {2016},
    author = {Saito, Yasuhiko and Crimmins, Eileen M},
    number = {November},
    pages = {291--327},
    volume = {20},
    doi = {10.7202/010088ar}
}

@article{Goel2010,
    title = {{Assessing respondent-driven sampling}},
    year = {2010},
    journal = {Proceedings of the National Academy of Sciences},
    author = {Goel, S. and Salganik, M. J.},
    number = {15},
    pages = {6743--6747},
    volume = {107},
    url = {http://www.pnas.org/cgi/doi/10.1073/pnas.1000261107},
    isbn = {1000261107},
    doi = {10.1073/pnas.1000261107},
    issn = {0027-8424},
    pmid = {20351258}
}

@article{Goel2010a,
    title = {{Assessing respondent-driven sampling.}},
    year = {2010},
    journal = {Proceedings of the National Academy of Sciences of the United States of America},
    author = {Goel, Sharad and Salganik, Matthew J},
    number = {15},
    month = {4},
    pages = {6743--7},
    volume = {107},
    publisher = {National Academy of Sciences},
    url = {http://www.ncbi.nlm.nih.gov/pubmed/20351258 http://www.pubmedcentral.nih.gov/articlerender.fcgi?artid=PMC2872407},
    doi = {10.1073/pnas.1000261107},
    issn = {1091-6490},
    pmid = {20351258}
}

@article{Salathe2011,
    title = {{Assessing vaccination sentiments with online social media: Implications for infectious disease dynamics and control}},
    year = {2011},
    journal = {PLoS Computational Biology},
    author = {Salath{\'{e}}, Marcel and Khandelwal, Shashank},
    number = {10},
    volume = {7},
    isbn = {1553734X},
    doi = {10.1371/journal.pcbi.1002199},
    issn = {1553734X},
    pmid = {22022249},
    arxivId = {1105.4502}
}

@article{Young2014,
    title = {{Assortativity coefficient-based estimation of population patterns of sexual mixing when cluster size is informative}},
    year = {2014},
    journal = {Sexually Transmitted Infections},
    author = {Young, Siobhan K and Lyles, Robert H and Kupper, Lawrence L and Keys, Jessica R and Martin, Sandra L and Costenbader, Elizabeth C},
    number = {4},
    pages = {332--336},
    volume = {90},
    url = {http://sti.bmj.com/lookup/doi/10.1136/sextrans-2013-051282},
    doi = {10.1136/sextrans-2013-051282},
    issn = {1368-4973},
    pmid = {24482487}
}

@article{Mehta2017a,
    title = {{At the Intersection of Health, Health Care and Policy The Population Health Benefits Of A Healthy Lifestyle: Life Expectancy Increased And Onset Of Disability Delayed}},
    year = {2017},
    author = {Mehta, Neil and Myrskyl{\"{a}}, Mikko},
    url = {http://content.healthaffairs.org/content/early/2017/07/17/hlthaff.2016.1569 http://content.healthaffairs.org/1340_reprints.php http://content.healthaffairs.org/subscriptions/etoc.dtl https://fulfillment.healthaffairs.org http://content.healthaffairs.org/}
}

@article{Carter2017,
    title = {{Backtesting the Lee‚ÄìCarter and the Cairns‚ÄìBlake‚ÄìDowd Stochastic Mortality Models on Italian Death Rates}},
    year = {2017},
    author = {Carter, Lee},
    number = {2009},
    pages = {1--23},
    doi = {10.3390/risks5030034},
    keywords = {backtesting, cairns-blake-dowd model, lee-carter model, mortality forecast}
}

@article{Hacker2015,
    title = {{Barriers to health care for undocumented immigrants: a literature review}},
    year = {2015},
    journal = {Risk Management and Healthcare Policy},
    author = {Hacker, Karen and Anies, Maria and Folb, Barbara L and Zallman, Leah},
    pages = {175},
    volume = {8},
    publisher = {Dove Press},
    url = {https://www.ncbi.nlm.nih.gov/pmc/articles/PMC4634824/},
    doi = {10.2147/RMHP.S70173},
    pmid = {26586971}
}

@article{Stern2015,
    title = {{Bayesian Statistics}},
    year = {2015},
    journal = {International Encyclopedia of the Social {\&} Behavioral Sciences},
    author = {Stern, Hal S.},
    pages = {373--377},
    url = {http://linkinghub.elsevier.com/retrieve/pii/B9780080970868420039},
    isbn = {9780080970868},
    doi = {10.1016/B978-0-08-097086-8.42003-9},
    issn = {0266-4763},
    pmid = {21830920}
}

@article{Milano2011,
    title = {{Bayesian Variable selection for logit models with random intercept : application to STEMI dataset}},
    year = {2011},
    author = {Milano, Politecnico and Matematica, Dipartimento D I}
}

@article{Mitchell1988,
    title = {{Bayesian Variable Selection in Linear Regression}},
    year = {1988},
    journal = {Journal of the American Statistical Association},
    author = {{Mitchell T. J.} and J., Beauchamp},
    number = {No. 404},
    pages = {1023 - 1032},
    volume = {83}
}

@article{Caswell2011,
    title = {{Beyond R0: Demographic models for variability of lifetime reproductive output}},
    year = {2011},
    journal = {PLoS ONE},
    author = {Caswell, Hal},
    number = {6},
    pages = {e20809},
    volume = {6}
}

@article{Caswell2004,
    title = {{Beyond survival estimation : mark ‚Äì recapture , matrix population models , and population dynamics}},
    year = {2004},
    journal = {Animal Biodiversity and Conservation},
    author = {Caswell, Hal and Fujiwara, M},
    pages = {471--488},
    volume = {1},
    isbn = {1578665X (ISSN)},
    issn = {1578665X},
    keywords = {elasticity, eubalaena glacialis, matrix population models, right whale, sensitivity}
}

@article{Coburn2004,
    title = {{Beyond the income inequality hypothesis: Class, neo-liberalism, and health inequalities}},
    year = {2004},
    journal = {Social Science and Medicine},
    author = {Coburn, David},
    number = {1},
    pages = {41--56},
    volume = {58},
    isbn = {0277-9536 (Print){\textbackslash}n0277-9536 (Linking)},
    doi = {10.1016/S0277-9536(03)00159-X},
    issn = {02779536},
    pmid = {14572920},
    keywords = {Class, Globalization, Income inequality, Infant mortality, Welfare state}
}

@article{Mouw2014,
    title = {{Binational Social Networks and Assimilation : A Test of the Importance of Transnationalism}},
    year = {2014},
    author = {Mouw, Ted and Chavez, Sergio and Edelblute, Heather and Verdery, Ashton and Mouw, Ted and Carolina, North and Hill, Chapel and Chavez, Sergio and Edelblute, Heather and Carolina, North and Hill, Chapel},
    number = {3},
    pages = {329--359},
    volume = {61},
    doi = {10.1525/sp.2014.12192.This}
}

@article{McPherson2001,
    title = {{Birds of a Feather: Homophily in Social Networks}},
    year = {2001},
    journal = {Annual Review of Sociology},
    author = {McPherson, Miller and Smith-Lovin, Lynn and Cook, James M},
    number = {1},
    pages = {415--444},
    volume = {27},
    url = {http://www.annualreviews.org/doi/10.1146/annurev.soc.27.1.415},
    isbn = {03600572},
    doi = {10.1146/annurev.soc.27.1.415},
    issn = {0360-0572},
    pmid = {5163030},
    arxivId = {cond-mat/9702163},
    keywords = {abstract similarity breeds connection, advice, and other types of, comembership, every type, exchange, friendship, human ecology, including marriage, information transfer, organizations, ple-structures network ties of, re-, support, this principle-the homophily princi-, voluntary associations, work}
}

@article{Efron1986,
    title = {{Bootstrap methods for standard errors, confidence intervals, and other measures of statistical accuracy.}},
    year = {1986},
    journal = {Statistical Science},
    author = {Efron, B. and Tibshirani, Robert},
    number = {1},
    pages = {54--77},
    volume = {1}
}

@article{Benito1982,
    title = {{Calculating the variance in Markov-processes with random reward}},
    year = {1982},
    journal = {Trabajos de Estadistica y de Investigacion Operativa},
    author = {Benito, Francisco},
    number = {3},
    pages = {73--85},
    volume = {33},
    doi = {10.1007/BF02888435},
    issn = {00410241},
    keywords = {60 J10, 90 C39, 90 C40, Cadenas valoradas de Markov, Markov decision processes, Valued Markov Chains, dynamic programming, procesos de decisi??n markovianos, programaci??n din??mica}
}

@article{Merli2015a,
    title = {{Challenges to recruiting population representative samples of female sex workers in China using Respondent Driven Sampling}},
    year = {2015},
    journal = {Social Science and Medicine},
    author = {Merli, M. Giovanna and Moody, James and Smith, Jeffrey and Li, Jing and Weir, Sharon and Chen, Xiangsheng},
    pages = {79--93},
    volume = {125},
    publisher = {Elsevier Ltd},
    url = {http://dx.doi.org/10.1016/j.socscimed.2014.04.022},
    isbn = {0277-9536},
    doi = {10.1016/j.socscimed.2014.04.022},
    issn = {18735347},
    pmid = {24834869},
    keywords = {China, Female sex workers, HIV, Network simulation, Respondent Driven Sampling, Social networks}
}

@article{Ryan2017,
    title = {{Changing times: Migrants‚Äô social network analysis and the challenges of longitudinal research}},
    year = {2017},
    journal = {Social Networks},
    author = {Ryan, Louise and D‚ÄôAngelo, Alessio},
    month = {3},
    publisher = {North-Holland},
    url = {http://www.sciencedirect.com/science/article/pii/S0378873316300764},
    doi = {10.1016/J.SOCNET.2017.03.003},
    issn = {0378-8733}
}

@article{Debon2017,
    title = {{Characterization of between-group inequality of longevity in European Union countries}},
    year = {2017},
    journal = {Insurance: Mathematics and Economics},
    author = {Deb{\'{o}}n, A. and Chaves, L. and Haberman, S. and Villa, F.},
    pages = {151--165},
    volume = {75},
    publisher = {Elsevier B.V.},
    url = {http://dx.doi.org/10.1016/j.insmatheco.2017.05.005},
    doi = {10.1016/j.insmatheco.2017.05.005},
    issn = {01676687},
    keywords = {Cluster, European Union, Mortality indicators, Mortality surface, PCA}
}

@article{Willekens2013,
    title = {{Chronological objects in demographic research}},
    year = {2013},
    journal = {Demographic Research},
    author = {Willekens, Frans},
    doi = {10.4054/DemRes.2013.28.23},
    issn = {14359871}
}

@article{Hilari2003,
    title = {{City Research Online City , University of London Institutional Repository}},
    year = {2003},
    author = {Hilari, Citation and Stroke, S C},
    volume = {39},
    doi = {10.1161/01.STR.0000081987.46660.ED}
}

@article{Watts1998,
    title = {{Collective dynamics of ‚Äòsmall-world‚Äô networks}},
    year = {1998},
    author = {Watts, Duncan J and Strogatz, Steven H},
    number = {June},
    pages = {440--442},
    volume = {393}
}

@article{Leon2007,
    title = {{Commentary: Preston and mortality trends since the mid-1970s}},
    year = {2007},
    journal = {International Journal of Epidemiology},
    author = {Leon, David A.},
    pages = {500--501},
    volume = {36}
}

@article{Wilkinson2007,
    title = {{Commentary: The changing relation between mortality and income}},
    year = {2007},
    journal = {International Journal of Epidemiology},
    author = {Wilkinson, Richard G.},
    number = {3},
    pages = {492--494},
    volume = {36}
}

@article{Deaton2002,
    title = {{Commentary: The convoluted story of international studies of inequality and health}},
    year = {2002},
    journal = {International Journal of Epidemiology},
    author = {Deaton, Angus},
    number = {3},
    pages = {546--549},
    volume = {31},
    doi = {10.1093/ije/31.3.546},
    issn = {03005771},
    pmid = {81}
}

@article{Bloom2007,
    title = {{Commentary: The Preston curve 30 years on: Still sparking fires}},
    year = {2007},
    journal = {International Journal of Epidemiology},
    author = {Bloom, David E. and Canning, David},
    number = {3},
    pages = {498--499},
    volume = {36}
}

@article{Morris2009,
    title = {{Concurrent partnerships and HIV prevalence disparities by race: Linking science and public health practice}},
    year = {2009},
    journal = {American Journal of Public Health},
    author = {Morris, Martina and Kurth, Ann E. and Hamilton, Deven T. and Moody, James and Wakefield, Steve},
    number = {6},
    pages = {1023--1031},
    volume = {99},
    isbn = {1541-0048 (Electronic)},
    doi = {10.2105/AJPH.2008.147835},
    issn = {00900036},
    pmid = {19372508}
}

@article{Hurd2005,
    title = {{Consequences Of Health Trends And Medical Innovation For The Future Flderly}},
    year = {2005},
    journal = {Simulation},
    author = {Hurd, Michael and Joyce, Geoffrey F and Lakdawalla, Darius N}
}

@article{Mao2012,
    title = {{Coupling infectious diseases, human preventive behavior, and networks - A conceptual framework for epidemic modeling}},
    year = {2012},
    journal = {Social Science and Medicine},
    author = {Mao, Liang and Yang, Yan},
    number = {2},
    pages = {167--175},
    volume = {74},
    publisher = {Elsevier Ltd},
    url = {http://dx.doi.org/10.1016/j.socscimed.2011.10.012},
    isbn = {0277-9536},
    doi = {10.1016/j.socscimed.2011.10.012},
    issn = {02779536},
    pmid = {22154610},
    keywords = {Diffusion process, Human networks, Individual-based modeling, Infectious diseases, Preventive behavior}
}

@techreport{Holmes2015,
    title = {{Course Notes on Stochastic Processes}},
    year = {2015},
    booktitle = {Department of Statistics, University of Auckland},
    author = {Holmes, Mark and Goodman, Jesse}
}

@article{Jann2016,
    title = {{Creating LaTeX and HTML documents from within Stata using textdoc and webdoc Swiss Stata Users Group meeting Motivation}},
    year = {2016},
    author = {Jann, Ben},
    pages = {1--23}
}

@book{Anderson2004,
    title = {{Critical perspectives on racial and ethnic differences in health in late life}},
    year = {2004},
    author = {Anderson, Norman B. and Bulatao, Rodolfo A. and Cohen, Barney and National Research Council (U.S.). Panel on Race, Ethnicity},
    pages = {735},
    publisher = {National Academies Press},
    isbn = {0309532000}
}

@book{NationalResearchCouncilU.S.2004,
    title = {{Critical perspectives on racial and ethnic differences in health in late life}},
    year = {2004},
    author = {{National Research Council (U.S.)}},
    pages = {1},
    isbn = {0309532000}
}

@article{Kirkwood2015,
    title = {{Deciphering death: a commentary on Gompertz (1985) 'On the nature of the function expressive of the law of human mortality, and on a new mode of determining the value of life contingencies'}},
    year = {2015},
    journal = {Philosophical Transactions of the Royal Society of London},
    author = {Kirkwood, TBL},
    volume = {370},
    doi = {10.1098/rstb.2014.0379},
    keywords = {health and disease and, theoretical biology}
}

@article{Jdanov2017a,
    title = {{Decomposing Current Mortality Differences Into Initial Differences and Differences in Trends: The Contour Decomposition Method}},
    year = {2017},
    journal = {Demography},
    author = {Jdanov, Dmitri A. and Shkolnikov, Vladimir M. and van Raalte, Alyson A. and Andreev, Evgeny M.},
    doi = {10.1007/s13524-017-0599-6},
    issn = {15337790},
    keywords = {Aggregate demographic measure, Decomposition, Demographic change, Mortality, Stepwise replacement}
}

@article{Quiggin2001,
    title = {{Demography and the new economy}},
    year = {2001},
    journal = {Journal of Population Research},
    author = {Quiggin, John},
    number = {2},
    pages = {177--193},
    volume = {18},
    url = {http://link.springer.com/10.1007/BF03031888},
    isbn = {1443-2447},
    doi = {10.1007/BF03031888},
    issn = {1443-2447}
}

@article{Caswell2015,
    title = {{Demography and the statistics of lifetime economic transfers under individual stochasticity}},
    year = {2015},
    journal = {Demographic Research},
    author = {Caswell, Hal and Kluge, Fanny Annemarie},
    pages = {563--588},
    volume = {32}
}

@article{Mouw2014b,
    title = {{Department of Sociology University of North Carolina and Duke University}},
    year = {2014},
    author = {Mouw, Ted and Merli, M Giovanna and Verdery, Ashton and Shen, Jennifer and Lee, Jing}
}

@article{Milanovic2014,
    title = {{Description of All The Ginis Dataset}},
    year = {2014},
    journal = {World Bank, Research Department},
    author = {Milanovic, Branko},
    number = {November},
    pages = {1--18},
    keywords = {gini coefficient}
}

@article{Mazzaferro2012,
    title = {{Differential mortality and redistribution in the Italian notional defined contribution system}},
    year = {2012},
    journal = {Journal of Pension Economics and Finance},
    author = {Mazzaferro, Carlo and Morciano, Marcello and Savegnago, Marco},
    isbn = {1474-7472},
    doi = {10.1017/S1474747212000091},
    issn = {14747472},
    keywords = {NDC, differential mortality, micro-simulation, re-distribution}
}

@article{Boswortha,
    title = {{DIFFERENTIAL MORTALITY AND RETIREMENT BENEFITS IN THE HEALTH AND RETIREMENT STUDY}},
    author = {Bosworth, Barry P and Burke, Kathleen}
}

@article{Greene2012,
    title = {{Discrete choice and events counts}},
    year = {2012},
    journal = {Econometric Analysis 6th ed.},
    author = {Greene, William H.},
    pages = {760--832}
}

@misc{Howard1960,
    title = {{Dynamic programming and Markov processes}},
    year = {1960},
    author = {Howard, Ronald A.},
    publisher = {Technology Press of MIT and Wiley},
    address = {New York}
}

@book{Greene2012a,
    title = {{Econometric Analysis}},
    year = {2012},
    booktitle = {Prentice Hall},
    author = {Greene, William H.},
    pages = {1231},
    isbn = {9780131395381},
    doi = {10.1198/jasa.2002.s458},
    issn = {01621459},
    pmid = {16578307},
    arxivId = {arXiv:1011.1669v3}
}

@book{Chung2010,
    title = {{Elementary probability theory with stochastic processes and an introduction to mathematical finance}},
    year = {2010},
    booktitle = {The American Statistician},
    author = {Chung, K. L. and Farid, AitSahlia},
    publisher = {Springer}
}

@article{Hill2010a,
    title = {{Emotions as infectious diseases in a large social network: the SISa model}},
    year = {2010},
    journal = {Proceedings of the Royal Society B: Biological Sciences},
    author = {Hill, A. L. and Rand, D. G. and Nowak, M. A. and Christakis, N. A.},
    number = {1701},
    pages = {3827--3835},
    volume = {277},
    url = {http://rspb.royalsocietypublishing.org/cgi/doi/10.1098/rspb.2010.1217},
    isbn = {1471-2954 (Electronic){\textbackslash}r0962-8452 (Linking)},
    doi = {10.1098/rspb.2010.1217},
    issn = {0962-8452},
    pmid = {20610424},
    keywords = {depression, emotional contagion, happiness, sis model, social contagion, social networks}
}

@book{Methods,
    title = {{Essential Demographic Methods}},
    year = {2014},
    author = {Watcher, Kenneth W.},
    edition = {2014},
    publisher = {HARVARD UNVERSITY PRESS},
    address = {Cambridge, Massachusetts London, England},
    isbn = {9780674045576}
}

@article{Fujiwara2002,
    title = {{Estimating population projection matrices from multi-stage mark-recapture data}},
    year = {2002},
    journal = {Ecology},
    author = {Fujiwara, Masami and Caswell, Hal},
    number = {12},
    pages = {3257--3265},
    volume = {83},
    keywords = {Capture-recapture studies, Eubalaena glacialis, Markov chain, Matrix population models, Multi-stage mark-recapture statistics, North Atlantic right whale, Population projection matrix, Survival probability, Transition probability}
}

@article{Cai2010,
    title = {{Estimation of multi-state life table functions and their variability from complex survey data using the SPACE program}},
    year = {2010},
    journal = {Demographic Research},
    author = {Cai, Liming and Hayward, Mark D. and Saito, Yasuhiko and Lubitz, James and Hagedorn, Aaron and Crimmins, Eileen},
    pages = {129--158},
    volume = {22},
    isbn = {1435-9871 (Print)},
    doi = {10.4054/DemRes.2010.22.6},
    issn = {14359871},
    pmid = {20463842}
}

@article{Cai2010a,
    title = {{Estimation of multi-state life table functions and their variability from complex survey data using the SPACE program}},
    year = {2010},
    journal = {Demographic Research},
    author = {Cai, Liming and Hayward, Mark D. and Saito, Yasuhiko and Lubitz, James and Hagedorn, Aaron and Crimmins, Eileen},
    pages = {129--158},
    volume = {22}
}

@article{Goula2013,
    title = {{European Doctoral School of Demography Statement of Purpose}},
    year = {2013},
    author = {Goula, Francisco Villavicencio},
    number = {September 2010},
    pages = {1--3}
}

@article{Poletti2015,
    title = {{Evaluating vaccination strategies for reducing infant respiratory syncytial virus infection in low-income settings}},
    year = {2015},
    journal = {BMC Medicine},
    author = {Poletti, Piero and Merler, Stefano and Ajelli, Marco and Manfredi, Piero and Munywoki, Patrick K. and James Nokes, D. and Melegaro, Alessia},
    number = {1},
    pages = {1--11},
    volume = {13},
    isbn = {1741-7015},
    doi = {10.1186/s12916-015-0283-x},
    issn = {17417015},
    pmid = {25857701},
    keywords = {Computational models, Household transmission, Infectious diseases, RSV, Vaccination}
}

@article{Kucharski2015,
    title = {{Evaluation of the benefits and risks of introducing Ebola community care centers, Sierra Leone.}},
    year = {2015},
    journal = {Emerging infectious diseases},
    author = {Kucharski, Adam J and Camacho, Anton and Checchi, Francesco and Waldman, Ron and Grais, Rebecca F and Cabrol, Jean-Clement and Briand, Sylvie and Baguelin, Marc and Flasche, Stefan and Funk, Sebastian and Edmunds, W John},
    number = {3},
    pages = {393--9},
    volume = {21},
    url = {http://www.pubmedcentral.nih.gov/articlerender.fcgi?artid=4344293&tool=pmcentrez&rendertype=abstract},
    isbn = {1080-6059 (Electronic) 1080-6040 (Linking)},
    doi = {10.3201/eid2103.141892},
    issn = {1080-6059},
    pmid = {25694150},
    keywords = {Community Health Centers, Community Health Services, Ebolavirus, Hemorrhagic Fever, Ebola, Hemorrhagic Fever, Ebola: epidemiology, Hemorrhagic Fever, Ebola: transmission, Humans, Models, Statistical, Risk Assessment, Sierra Leone, Sierra Leone: epidemiology}
}

@article{Chiarenza2017,
    title = {{Evidenced barriers and solutions for migrants in accessing health care services:a systematic review}},
    year = {2017},
    journal = {European Journal of Public Health},
    author = {Chiarenza, A and Chiesa, V and Verrept, H and Dauvrin, M},
    number = {suppl{\_}3},
    month = {11},
    volume = {27},
    publisher = {Oxford University Press},
    url = {http://academic.oup.com/eurpub/article/doi/10.1093/eurpub/ckx186.225/4555840},
    doi = {10.1093/eurpub/ckx186.225},
    issn = {1101-1262},
    keywords = {health services}
}

@article{Ozdemir2011,
    title = {{Examination of Inequality of Life Span by Using the Gini Coefficient in the Turkish Population for the Period 1990-2008}},
    year = {2011},
    author = {{\"{O}}zdemir, Pƒ±nar and Karabulut, Erdem and Mente{\c{s}}, Turhan},
    pages = {420--424},
    doi = {10.5174/tutfd.2010.04555.1},
    keywords = {09, 10, 13, 2010, 24, accepted, gini coefficient, inequality measure, life table, lorenz curve, received}
}

@article{Pozsar2010,
    title = {{Federal Reserve Bank of New York Staff Reports}},
    year = {2010},
    author = {Pozsar, Zoltan and Adrian, Tobias and Ashcraft, Adam and Boesky, Hayley},
    keywords = {financial intermediation, shadow banking}
}

@book{Kemeny1960,
    title = {{Finite Markov Chains}},
    year = {1960},
    author = {Kem{\'{e}}ny, J G and Snell, J L},
    publisher = {Springer-Verlag},
    address = {New York}
}

@article{Hayes2013,
    title = {{First links in the Markov chain}},
    year = {2013},
    journal = {American Scientist},
    author = {Hayes, Brian},
    number = {2},
    pages = {92--97},
    volume = {101}
}

@article{Aslund,
    title = {{full-text}},
    year = {2009},
    journal = {The Journal of Human Resources},
    author = {Aslund, Olof and Fredriksson, Peter},
    pages = {798--825},
    volume = {Vol. 44, N},
    url = {http://www.jstor.org/stable/20648917},
    keywords = {Enclaves, Ethnic groups, Human resources, Labor markets, Library tables, Neighborhood characteristics, Neighborhoods, Parishes, Refugees, Social interaction}
}

@article{Aff2017,
    title = {{Full-Text}},
    year = {2017},
    author = {Aff, Health},
    number = {8},
    pages = {1--9},
    volume = {36}
}

@article{Watts,
    title = {{full-text}},
    year = {1998},
    journal = {Nature},
    author = {Watts, Duncan J and Strogatz, Steven H},
    pages = {440--442},
    volume = {393}
}

@misc{beer2002,
    title = {{Future trends in life expectancies in the European Union}},
    year = {2002},
    author = {Beer, J.A.A. de},
    number = {40075004},
    pages = {491--503},
    keywords = {closure scheme, complex surface, e, regional pbl model}
}

@article{Missov2013,
    title = {{Gamma-Gompertz life expectancy at birth}},
    year = {2013},
    journal = {Demographic Research},
    author = {Missov, Trifon I.},
    number = {February},
    pages = {259--270},
    volume = {28},
    isbn = {1435-9871},
    doi = {10.4054/DemRes.2013.28.9},
    issn = {14359871}
}

@book{Gruber2014,
    title = {{Generating easySHARE : guidelines , structure , content and programming}},
    year = {2014},
    author = {Gruber, Stefan and Hunkler, Christian and Stuck, Stephanie},
    isbn = {2006028812}
}

@article{Willis2006,
    title = {{Getting started with the Health and Retirement Study, Version 1}},
    year = {2006},
    author = {Willis, Robert J and Weir, David R and Juster, F. Thomas and Brown, Charles, C and Gustman, Alan, L},
    pages = {1--96},
    url = {http://hrsonline.isr.umich.edu/sitedocs/dmgt/IntroUserGuide.pdf}
}

@article{Letki2015,
    title = {{Getting support in polarized societies: Income, social networks, and socioeconomic context}},
    year = {2015},
    journal = {Social Science Research},
    author = {Letki, Natalia and Mieri≈Üa, Inta},
    month = {1},
    pages = {217--233},
    volume = {49},
    publisher = {Academic Press},
    url = {https://www.sciencedirect.com/science/article/pii/S0049089X14001574},
    doi = {10.1016/J.SSRESEARCH.2014.08.002},
    issn = {0049-089X}
}

@article{Shkolnikov2003,
    title = {{Gini coefficient as a life table function: Computation from discrete data, decomposition of differences and empirical examples}},
    year = {2003},
    journal = {Demographic Research},
    author = {Shkolnikov, Vladimir M. and Andreev, Evgueni E. and Begun, Alexander Z.},
    pages = {305--357},
    volume = {8},
    doi = {10.4054/DemRes.2003.8.11},
    issn = {14359871},
    keywords = {Life expectancy, Morality}
}

@misc{Alfani,
    title = {{Globalization , Divergence and Inequality in Historical Perspective Lesson 8 Measuring inequality : the Gini index}},
    author = {{Alfani}},
    pages = {1--29}
}

@article{6.1.01950,
    title = {{Guide to Easy Living}},
    year = {0},
    author = {6.1.0, Release},
    pages = {1--45},
    doi = {10.6103/SHARE.easy.600}
}

@article{Perotti2018,
    title = {{He emerging importance of dealer banks 13.1 d}},
    year = {2018},
    author = {Perotti, Roberto},
    pages = {1--7}
}

@article{Woodward2014,
    title = {{Health and access to care for undocumented migrants living in the European Union: A scoping review}},
    year = {2014},
    journal = {Health Policy and Planning},
    author = {Woodward, Aniek and Howard, Natasha and Wolffers, Ivan},
    number = {7},
    pages = {818--830},
    volume = {29},
    isbn = {1460-2237 (Electronic){\textbackslash}r0268-1080 (Linking)},
    doi = {10.1093/heapol/czt061},
    issn = {14602237},
    pmid = {23955607},
    keywords = {Access to care, European Union, Health, Review, Undocumented migrants}
}

@article{Perez2003,
    title = {{Health, Demographic Change and Wellbeing‚ÄîPersonalizing health and care}},
    year = {2003},
    journal = {Academin Legal Writing},
    author = {P{\'{e}}rez, Mara√±a and One, Part and Volokh, Eugene},
    number = {November},
    pages = {2004},
    isbn = {9781107671812},
    doi = {10.1002/ejoc.201200111},
    issn = {0196-6553},
    pmid = {26840611},
    arxivId = {arXiv:1011.1669v3}
}

@article{LubitzJ2003,
    title = {{Health, Life Expectancy, and Health Care Spending among the Elderly}},
    year = {2003},
    journal = {New England Journal of Medicine},
    author = {{Lubitz J} and {Cai L} and {Kramarow E} and {Lentzner H}},
    number = {11},
    pages = {1048--1055},
    volume = {349},
    url = {http://www.nejm.org/doi/abs/10.1056/NEJMsa020614},
    isbn = {0028-4793},
    doi = {10.1056/NEJMsa020614},
    issn = {0028-4793},
    pmid = {12968089}
}

@article{Riffe2017,
    title = {{Healthy life expectancy, mortality, and age prevalence of morbidity}},
    year = {2017},
    journal = {MPIDR Working Paper WP 2017-015},
    author = {Riffe, Timothy and Bijlsma, Maarten and Riffe, Tim and Van Raalte, Alyson and Bijlsma, Maarten J}
}

@article{Seaman2016,
    title = {{How have trends in lifespan variation changed since 1950? A comparative study of 17 Western European countries}},
    year = {2016},
    journal = {The European Journal of Public Health},
    author = {Seaman, R. and Leyland, A. H. and Popham, F.},
    number = {2},
    month = {4},
    pages = {360--362},
    volume = {26},
    url = {https://academic.oup.com/eurpub/article-lookup/doi/10.1093/eurpub/ckv185},
    doi = {10.1093/eurpub/ckv185},
    issn = {1101-1262}
}

@article{Seaman,
    title = {{How have trends in lifespan variation changed since 1950? A comparative study of 17 Western European countries}},
    journal = {European Journal of Public Health},
    author = {Seaman, R and Leyland, A H and Popham, F},
    number = {2},
    pages = {360--362},
    volume = {26},
    url = {https://watermark.silverchair.com/ckv185.pdf?token=AQECAHi208BE49Ooan9kkhW_Ercy7Dm3ZL_9Cf3qfKAc485ysgAAAaowggGmBgkqhkiG9w0BBwagggGXMIIBkwIBADCCAYwGCSqGSIb3DQEHATAeBglghkgBZQMEAS4wEQQMm-IyhiRd8jmeupE6AgEQgIIBXW6Bax0yQnKNKZDGVhZBTfwwkCcPImWmT7HJv8WVUEQyXwDn},
    doi = {10.1093/eurpub/ckv185}
}

@article{Gravelle1998,
    title = {{How much of the relation between population mortality and unequal distribution of income is a statistical artefact?}},
    year = {1998},
    journal = {Bmj},
    author = {Gravelle, Hugh},
    number = {7128},
    pages = {382--385},
    volume = {316},
    doi = {10.1136/bmj.316.7128.382},
    issn = {14685833},
    pmid = {9487182}
}

@article{Auerbach2017,
    title = {{How the Growing Gap in Life Expectancy May Affect Retirement Benefits and Reforms}},
    year = {2017},
    journal = {The Geneva Papers on Risk and Insurance - Issues and Practice},
    author = {Auerbach, Alan J. and Charles, Kerwin K. and Coile, Courtney C. and Gale, William and Goldman, Dana and Lee, Ronald and Lucas, Charles M. and Orszag, Peter R. and Sheiner, Louise M. and Tysinger, Bryan and Weil, David N. and Wolfers, Justin and Wong, Rebeca},
    number = {3},
    month = {7},
    pages = {475--499},
    volume = {42},
    publisher = {Palgrave Macmillan Ltd.},
    keywords = {demographic trends, government expenditures, inequality, social security}
}

@article{Wagstaff2000,
    title = {{I NCOME I NEQUALITY AND H EALTH : What Does the Literature Tell Us ?}},
    year = {2000},
    journal = {Health Policy},
    author = {Wagstaff, Adam and Doorslaer, Eddy Van},
    number = {cf 25},
    doi = {10.1111/j.1467-8276.2007.01012.x},
    keywords = {aggregation, apparently negative effects of, described that explain the, empirically observed association, growing body of literature, health, income inequality on population, mortality, on the, potheses are identified and, relative income hypothesis, reviews the large and, s abstract this paper, various hy-}
}

@article{Drever2008,
    title = {{Immigrants and Social Networks in a Job-Scarce Environment: The Case of Germany}},
    year = {2008},
    journal = {International Migration Review},
    author = {Drever, Anita I. and Hoffmeister, Onno},
    number = {2},
    month = {6},
    pages = {425--448},
    volume = {42},
    publisher = {Blackwell Publishing Inc},
    url = {http://doi.wiley.com/10.1111/j.1747-7379.2008.00130.x},
    doi = {10.1111/j.1747-7379.2008.00130.x},
    issn = {0197-9183}
}

@article{Cots2007,
    title = {{Impact of immigration on the cost of emergency visits in Barcelona (Spain).}},
    year = {2007},
    journal = {BMC health services research},
    author = {Cots, Francesc and Castells, Xavier and Garc{\'{i}}a, Oscar and Riu, Marta and Felipe, Aida and Vall, Oriol},
    pages = {9},
    volume = {7},
    isbn = {1472696379},
    doi = {10.1186/1472-6963-7-9},
    issn = {1472-6963},
    pmid = {17239236}
}

@article{Academies2007,
    title = {{Impact of migration on infectious diseases in Europe}},
    year = {2007},
    author = {Academies, European and Advisory, Science},
    number = {0},
    pages = {1--8},
    volume = {44}
}

@article{Wilkinson1992,
    title = {{Income distribution and life expectancy}},
    year = {1992},
    journal = {BMJ},
    author = {Wilkinson, R G},
    number = {304(6820)},
    pages = {165‚Äì168}
}

@article{Baron2017,
    title = {{Income inequality}},
    year = {2017},
    journal = {Journal of Entrepreneurship and Public Policy},
    author = {Baron, Robert Alan},
    number = {1},
    pages = {2--10},
    volume = {6},
    url = {http://www.emeraldinsight.com/doi/10.1108/JEPP-07-2016-0028},
    doi = {10.1108/JEPP-07-2016-0028},
    issn = {2045-2101}
}

@article{Pickett2015,
    title = {{Income inequality and health: A causal review}},
    year = {2015},
    journal = {Social Science and Medicine},
    author = {Pickett, Kate E. and Wilkinson, Richard G.},
    pages = {316--326},
    volume = {128},
    publisher = {Elsevier Ltd},
    url = {http://dx.doi.org/10.1016/j.socscimed.2014.12.031},
    isbn = {0277-9536},
    doi = {10.1016/j.socscimed.2014.12.031},
    issn = {18735347},
    pmid = {25577953},
    keywords = {Causality, Income distribution, Population health, Review}
}

@article{Wagstaff2000a,
    title = {{Income Inequality and Health: What Does the Literature Tell Us?}},
    year = {2000},
    journal = {Annual Review of Public Health},
    author = {Wagstaff, Adam and van Doorslaer, Eddy},
    number = {1},
    month = {5},
    pages = {543--567},
    volume = {21},
    url = {http://www.annualreviews.org/doi/10.1146/annurev.publhealth.21.1.543},
    doi = {10.1146/annurev.publhealth.21.1.543},
    issn = {0163-7525}
}

@article{Wilkinson2006,
    title = {{Income inequality and population health: A review and explanation of the evidence}},
    year = {2006},
    journal = {Social Science {\&} Medicine},
    author = {Wilkinson, Richard G and Pickett, Kate E.},
    number = {7},
    month = {4},
    pages = {1768--1784},
    volume = {62},
    publisher = {Pergamon},
    url = {https://www.sciencedirect.com/science/article/pii/S0277953605004375},
    doi = {10.1016/J.SOCSCIMED.2005.08.036},
    issn = {0277-9536}
}

@article{Hu,
    title = {{Income inequality, life expectancy and cause-specific mortality in 43 European countries, 1987‚Äì2008: a fixed effects study}},
    journal = {European Journal of Epidemiology},
    author = {Hu, Yannan and Frank van Lenthe, Bullet J and Mackenbach, Johan P},
    volume = {30},
    url = {https://link.springer.com/content/pdf/10.1007%2Fs10654-015-0066-x.pdf},
    doi = {10.1007/s10654-015-0066-x},
    keywords = {Causes of death, Europe, Fixed effects models, Income inequality, Life expectancy, Mortality}
}

@article{Hu2015,
    title = {{Income inequality, life expectancy and cause-specific mortality in 43 European countries, 1987‚Äì2008: a fixed effects study}},
    year = {2015},
    journal = {European Journal of Epidemiology},
    author = {Hu, Yannan and van Lenthe, Frank J. and Mackenbach, Johan P.},
    number = {8},
    pages = {615--625},
    volume = {30},
    publisher = {Springer Netherlands},
    keywords = {Causes of death, Europe, Fixed effects models, Income inequality, Life expectancy, Mortality}
}

@article{Minicuci2005,
    title = {{Influence of level of education on disability free life expectancy by sex: The ILSA study}},
    year = {2005},
    journal = {Experimental Gerontology},
    author = {Minicuci, N. and Noale, M.},
    number = {12},
    pages = {997--1003},
    volume = {40},
    isbn = {0531-5565 (Print){\textbackslash}r0531-5565 (Linking)},
    doi = {10.1016/j.exger.2005.08.011},
    issn = {05315565},
    pmid = {16199134},
    keywords = {ADL, Age, Disability-free life expectancy, Older population, Education, Hierarchical model, IADL, ImaCh software, Multistate life table method}
}

@article{McDonald2004,
    title = {{Insights into the 'healthy immigrant effect': Health status and health service use of immigrants to Canada}},
    year = {2004},
    journal = {Social Science and Medicine},
    author = {McDonald, James Ted and Kennedy, Steven},
    number = {8},
    pages = {1613--1627},
    volume = {59},
    isbn = {0277-9536 (Print)},
    doi = {10.1016/j.socscimed.2004.02.004},
    issn = {02779536},
    pmid = {15279920},
    arxivId = {NIHMS150003},
    keywords = {Canada, Cohort effects, Health, I1, Immigrants, J0}
}

@article{Maria1997,
    title = {{Introduction to modelling and simulation}},
    year = {1997},
    journal = {Winter Simulation Conference},
    author = {Melegaro, Alessia},
    pages = {7--13},
    isbn = {VO -},
    doi = {10.1109/WSC.1997.640371}
}

@article{Grinstead1997,
    title = {{Introduction to probability}},
    year = {1997},
    author = {Grinstead, M.G. and Snell, J. Laurie},
    isbn = {9788776815158}
}

@article{Lynch2004,
    title = {{Is Income Inequality a Determinant of Population Health? Part 2. U.S. National and Regional Trends in Income Inequality and Age- and Cause-Specific Mortality}},
    year = {2004},
    journal = {The Milbank Quarterly},
    author = {Lynch, J and Davey Smith, G and Harper, S and Hillemeier, M},
    number = {2},
    pages = {355--400},
    volume = {82},
    keywords = {AGE, Health, Income, POPULATION HEALTH, Population, a, income inequality, inequalities, inequality, mortality, trends}
}

@article{Kim2016,
    title = {{Is Regional Income Inequality Associated With the Individual Health of Older Adults? Evidence From the Health and Retirement Study}},
    year = {2016},
    journal = {Poverty {\&} Public Policy},
    author = {Kim, Jin},
    number = {4},
    pages = {416--429},
    volume = {8},
    url = {http://doi.wiley.com/10.1002/pop4.157},
    doi = {10.1002/pop4.157},
    issn = {19442858},
    keywords = {background and significance, causation remains unclear, closely related is well, established in the literature, income and health are, individual health, older adults, regional fixed effects, regional income inequality, the notion that individual, though the direction of}
}

@article{Kandori,
    title = {{Labor union members play an OLG repeated game}},
    author = {Kandori, Michihiro and Obayashi, Shinya},
    url = {http://www.pnas.org/content/pnas/111/Supplement_3/10802.full.pdf},
    doi = {10.1073/pnas.1400827111}
}

@article{Bosworth,
    title = {{LATER RETIREMENT, INEQUALITY IN OLD AGE, AND THE GROWING GAP IN LONGEVITY BETWEEN RICH AND POOR}},
    author = {Bosworth, Barry and Burtless, Gary and Zhang, Kan}
}

@article{Breslow2015,
    title = {{Lecture 2}},
    year = {2015},
    pages = {1--5},
    isbn = {9780981470504},
    doi = {10.1094/PHI-A-2001-0524-01.http},
    issn = {1098-6596},
    pmid = {25246403},
    arxivId = {arXiv:1011.1669v3}
}

@article{Oeppen2002,
    title = {{Life expectancy}},
    year = {2002},
    journal = {Science‚Äôs Compass},
    author = {Oeppen, Jim and Vaupel, James W.},
    pages = {1029--1031},
    volume = {296},
    keywords = {8b Demographics, 9a.600 Elderly, Adult, Aged, Human, Life, Life {\&} Health Expectancy, Life Expectancy, Middle Age, Proportional Hazards Models}
}

@article{Mackenbach2013a,
    title = {{Life expectancy and national income in Europe, 1900-2008: An update of Preston's analysis}},
    year = {2013},
    journal = {International Journal of Epidemiology},
    author = {Mackenbach, Johan P. and Looman, Caspar W.N.},
    number = {4},
    pages = {1100--1110},
    volume = {42},
    keywords = {Cardiovascular disease, Europe, Infectious disease, Life expectancy, National income}
}

@article{LongevitySciencePanel2018,
    title = {{Life expectancy: Is the socio- economic gap narrowing?}},
    year = {2018},
    author = {{Longevity Science Panel}},
    url = {http://www.longevitypanel.co.uk/_files/LSP_Report.pdf}
}

@article{Goerlich2013,
    title = {{Life Potential as a Basic Demographic Indicator}},
    year = {2013},
    journal = {Social Indicators Research},
    author = {Goerlich, Francisco J. and Soler, √Ångel},
    number = {2},
    pages = {537--548},
    volume = {110},
    isbn = {1120501199},
    doi = {10.1007/s11205-011-9942-2},
    issn = {03038300},
    keywords = {Aging, Demography, Life expectancy, Life table}
}

@article{Land2013,
    title = {{Life Tables Estimating Panel Data : from with Multiple Covariates Life Expectancy * The Case of Active}},
    year = {2013},
    author = {Land, Kenneth C and Guralnik, Jack M and Blazer, Dan G},
    number = {2},
    pages = {297--319},
    volume = {31}
}

@article{VanDaalen2015,
    title = {{Lifetime reproduction and the second demographic transition: Stochasticity and individual variation}},
    year = {2015},
    journal = {Demographic Research},
    author = {van Daalen, Silke and Caswell, Hal},
    pages = {561--588},
    volume = {33}
}

@article{VanDaalen2017,
    title = {{Lifetime reproductive output: individual stochasticity, variance, and sensitivity analysis}},
    year = {2017},
    journal = {Theoretical Ecology},
    author = {van Daalen, Silke and Caswell, Hal},
    pages = {355--374},
    volume = {10},
    publisher = {Theoretical Ecology},
    keywords = {Individual stochasticity, Inter-individual variance, Lifetime reproductive output, Markov chains with rewards, Matrix population models, Opportunity for selection, Sensitivity analysis}
}

@article{Gigliarano2017,
    title = {{Longevity and concentration in survival times: the log-scale-location family of failure time models}},
    year = {2017},
    journal = {Lifetime Data Analysis},
    author = {Gigliarano, Chiara and Basellini, Ugofilippo and Bonetti, Marco},
    number = {2},
    pages = {254--274},
    volume = {23},
    publisher = {Springer US},
    isbn = {1380-7870},
    doi = {10.1007/s10985-016-9356-1},
    issn = {15729249},
    keywords = {Gini concentration index, Life table, Longevity, Survival analysis}
}

@book{Langi,
    title = {{MAM 2006: MARKOV ANNIVERSARY MEETING}},
    year = {2006},
    author = {Langville, Amy N. and Steward, William J.},
    editor = {{Boson Books}},
    isbn = {1932482342}
}

@book{Sheskin2010,
    title = {{Markov Chain and decision processes for engineers and managers}},
    year = {2010},
    author = {Sheskin, Theodore j.},
    publisher = {CRC Press},
    address = {Boca Raton, FL},
    isbn = {9781420051124}
}

@article{Hoem1969,
    title = {{Markov chain models in life insurance}},
    year = {1969},
    journal = {Bl{\"{a}}tter der DGVFM},
    author = {Hoem, J M},
    number = {0},
    pages = {91--107},
    volume = {9}
}

@incollection{Grinstead1997a,
    title = {{Markov Chains}},
    year = {1997},
    booktitle = {Introduction to Probability},
    author = {Grinstead, Charles M. and Snell, J. Laurie},
    pages = {405--452},
    publisher = {American Mathematical Society}
}

@book{Gagniuc2017,
    title = {{Markov Chains - From Theory to Implementation and Experimentation Paul}},
    year = {2017},
    author = {Gagniuc, Paul},
    publisher = {John Wiley {\&} Sons},
    address = {New York}
}

@book{Ching2006,
    title = {{Markov Chains: models, algorithms and applications}},
    year = {2006},
    booktitle = {Manufacturing Systems},
    author = {Ching, W.K. and Ng, M.K.},
    publisher = {Springer}
}

@book{Puterman1994,
    title = {{Markov Decision Processes: Discrete Stochastic Dynamic Programming}},
    year = {1994},
    author = {Puterman, Martin L.},
    publisher = {John Wiley},
    address = {New York},
    isbn = {3175723993}
}

@article{Feichtinger1973,
    title = {{Markovian Models for Some DemoKraphic Processes*}},
    year = {1973},
    journal = {Statistiche Hefte},
    author = {Feichtinger, G.},
    pages = {310‚Äì334},
    volume = {14}
}

@article{Jones2005,
    title = {{Mathematical Hazards Models and Model Life Tables Formal Demography Stanford Summer Short Course}},
    year = {2005},
    author = {Jones, James Holland},
    url = {https://web.stanford.edu/~jhj1/teachingdocs/Jones-mortmodel2005.pdf}
}

@article{Caswell2018,
    title = {{Matrix methods in health demography: a new approach to the stochastic analysis of healthy longevity and DALYs}},
    year = {2018},
    journal = {Caswell and Zarulli Population Health Metrics},
    author = {Caswell, Hal and Zarulli, Virginia},
    number = {8},
    volume = {16},
    keywords = {Health, Healthy longevity, Longevity, Markov chains with rewards, Matrix population models, Prevalence, Sullivan method Background}
}

@book{caswell,
    title = {{Matrix Population Models: Construction, Analysis, and Interpretation}},
    year = {2001},
    author = {Caswell, Hal},
    publisher = {Sinauer Associates},
    address = {Sunderland}
}

@book{Caswell2001,
    title = {{Matrix population models: Construction, analysis, and interpretation. Second edition.}},
    year = {2001},
    author = {Caswell, Hal},
    publisher = {Sinauer Associates},
    address = {Sunderland}
}

@article{Williams2015,
    title = {{Measurement Error 1 : Consequences of Measurement Error Measurement Error 1 : Consequences}},
    year = {2015},
    author = {Williams, Richard and Dame, Notre},
    number = {2},
    pages = {1--6}
}

@incollection{Caswell1997,
    title = {{Methods of matrix population analysis}},
    year = {1997},
    booktitle = {Structured-Population Models in Marine, Terrestrial, and Freshwater Systems},
    author = {Caswell, Hal and Nisbet, Roger M. and Roos, Andre M. de and Tuljapurkar, Shripad},
    pages = {19 - 58},
    publisher = {Chapman and Hall},
    address = {New York}
}

@article{Watson2009,
    title = {{Migrants in Europe are losing out on care they are entitled to.}},
    year = {2009},
    journal = {BMJ (Clinical research ed.)},
    author = {Watson, Rory},
    month = {9},
    pages = {b3895},
    volume = {339},
    publisher = {British Medical Journal Publishing Group},
    url = {http://www.ncbi.nlm.nih.gov/pubmed/19778978},
    doi = {10.1136/BMJ.B3895},
    issn = {1756-1833},
    pmid = {19778978}
}

@article{Gualdi-Russo2009,
    title = {{Migration and health in Italy: A multiethnic adult sample}},
    year = {2009},
    journal = {Journal of Travel Medicine},
    author = {Gualdi-Russo, Emanuela and Zironi, Alessandro and Dallari, Giovanna V. and Toselli, Stefania},
    number = {2},
    pages = {88--95},
    volume = {16},
    isbn = {1195-1982},
    doi = {10.1111/j.1708-8305.2008.00280.x},
    issn = {11951982},
    pmid = {19335807}
}

@article{Kraler2015,
    title = {{Migration Statistics in Europe: A Core Component of Governance and Population Research}},
    year = {2015},
    author = {Kraler, Albert and Reichel, David and Entzinger, Han},
    url = {https://link.springer.com/content/pdf/10.1007/978-3-319-16256-0_3.pdf},
    doi = {10.1007/978-3-319-16256-0{\_}3}
}

@book{Schoen1988,
    title = {{Modeling Multigroup Populations}},
    year = {1988},
    author = {Schoen, Robert},
    pages = {308},
    publisher = {Plenum Press},
    address = {New York},
    isbn = {978-1-4899-2057-7},
    doi = {10.1007/978-1-4899-2055-3}
}

@book{Greene,
    title = {{Modeling Ordered Choices}},
    year = {2010},
    author = {Greene, William H. and Hensher, David A.},
    edition = {Cambridge },
    isbn = {9780521194204}
}

@article{Borsch-Supan2013a,
    title = {{Modeling the effects of structural reforms and reform backlashes: The cases of pension and labor market reforms}},
    year = {2013},
    journal = {Economic Modelling},
    author = {B{\"{o}}rsch-Supan, Axel and Ludwig, Alexander},
    month = {9},
    pages = {999--1007},
    volume = {35},
    url = {http://linkinghub.elsevier.com/retrieve/pii/S0264999313003684},
    doi = {10.1016/j.econmod.2013.09.009},
    issn = {02649993}
}

@article{Pitacco2009,
    title = {{Modelling longevity dynamic for pensions and annuity business}},
    year = {2009},
    author = {Pitacco, Ermanno and Denuit, Michel and Haberman, Steven and Olivieri, Annamaria},
    pages = {395},
    isbn = {9780199547272},
    keywords = {Lee-Carter model, annuity, forecast, longevity, longevity risk, mortality, pensions}
}

@article{House2011,
    title = {{Modelling the impact of local reactive school closures on critical care provision during an influenza pandemic}},
    year = {2011},
    journal = {Proceedings of the Royal Society B: Biological Sciences},
    author = {House, T. and Baguelin, M. and Van Hoek, A. J. and White, P. J. and Sadique, Z. and Eames, K. and Read, J. M. and Hens, N. and Melegaro, A. and Edmunds, W. J. and Keeling, M. J.},
    number = {1719},
    pages = {2753--2760},
    volume = {278},
    url = {http://rspb.royalsocietypublishing.org/cgi/doi/10.1098/rspb.2010.2688},
    isbn = {1471-2954 (Electronic){\textbackslash}n0962-8452 (Linking)},
    doi = {10.1098/rspb.2010.2688},
    issn = {0962-8452},
    pmid = {21288945},
    keywords = {hospitals, influenza, intensive care unit, modelling, pandemic, schools}
}

@article{Melegaro2018,
    title = {{Modelling to evaluate interventions}},
    year = {2018},
    author = {Melegaro, Alessia},
    number = {April}
}

@article{Rechel2012,
    title = {{Monitoring migrant health in Europe: A narrative review of data collection practices}},
    year = {2012},
    journal = {Health Policy},
    author = {Rechel, Bernd and Mladovsky, Philipa and Deville', Walter},
    number = {1},
    pages = {10--16},
    volume = {105},
    publisher = {Elsevier Ireland Ltd},
    url = {http://dx.doi.org/10.1016/j.healthpol.2012.01.003},
    isbn = {0168-8510{\textbackslash}r1872-6054},
    doi = {10.1016/j.healthpol.2012.01.003},
    issn = {01688510},
    pmid = {22277878},
    keywords = {Data collection, European Union, Health information, Migrant, Migration}
}

@book{Owen2013,
    title = {{Monte Carlo theory, methods and examples}},
    year = {2013},
    author = {Owen, Art B.}
}

@article{Duggan2008a,
    title = {{Mortality and lifetime income: Evidence from U.S. Social Security Records}},
    year = {2008},
    journal = {IMF Staff Papers},
    author = {Duggan, James E. and Gillingham, Robert and Greenlees, John S.},
    number = {4},
    pages = {566--594},
    volume = {55}
}

@article{Crew,
    title = {{Multinomial Logistic Regression}},
    author = {Manual, Stata},
    pages = {1650--1664},
    doi = {10.1038/424709b},
    issn = {1476-4687},
    pmid = {12917644},
    keywords = {crypto success fast start, guide, published by crypto crew}
}

@article{Bertrand2000,
    title = {{NETWORK EFFECTS AND WELFARE CULTURES*}},
    year = {2000},
    journal = {The Quarterly Journal of Economics, August 2000},
    author = {Bertrand, Marianne and Luttmer, Erzo F P and Mullainathan, Sendhil},
    url = {https://blackboard.unibocconi.it/bbcswebdav/pid-87469-dt-content-rid-492730_1/courses/20271_31_2017/BertrandetalQJE00.pdf}
}

@article{Mouw2012,
    title = {{Network Sampling with Memory}},
    year = {2012},
    journal = {Sociological Methodology},
    author = {Mouw, Ted and Verdery, Ashton M.},
    number = {1},
    pages = {206--256},
    volume = {42},
    url = {http://journals.sagepub.com/doi/10.1177/0081175012461248},
    doi = {10.1177/0081175012461248},
    issn = {0081-1750},
    pmid = {24159246}
}

@article{Mouw2017,
    title = {{Network Sampling with Memory (NSM) Handbook and Training Manual Ted Mouw, Giovanna Merli, Ashton Verdery. Version 1 This version: 6-14-2017}},
    year = {2017},
    author = {Mouw, Ted and Merli, Giovanna and Verdery, Ashton},
    pages = {6--14}
}

@article{Mouw2012a,
    title = {{Network Sampling with Memory: A proposal for more efficient sampling from social networks.}},
    year = {2012},
    journal = {Sociol Methodol},
    author = {Mouw, Ted and Verdery, Ashton M},
    number = {1},
    pages = {206--256},
    volume = {42},
    isbn = {0081-1750},
    doi = {10.1177/0081175012461248},
    issn = {0081-1750},
    pmid = {24159246},
    keywords = {Social Network Analysis, Twitter, Vidi, Vidi - Methodiek, Vidi Project 3}
}

@book{Easl,
    title = {{Networks, Crowds, and Markets: Reasoning about a Highly Connected World}},
    author = {Easly, David and Kleinberg, Jon}
}

@article{Laditka1998,
    title = {{New methods for analyzing active life expectancy}},
    year = {1998},
    journal = {Journal of Aging and Health},
    author = {Laditka, Sarah B. and Douglas, Wolf A.},
    number = {2},
    pages = {214--241},
    volume = {10}
}

@article{Handcock2012,
    title = {{NIH Public Access}},
    year = {2012},
    author = {Handcock, Mark S},
    number = {1},
    pages = {1--34},
    volume = {40},
    doi = {10.1111/j.1467-9531.2010.01223.x.Respondent-Driven}
}

@book{Jordan,
    title = {{No Title}},
    author = {Jordan, M and Kleinberg, J and Scho, B},
    isbn = {9780387310732}
}

@book{Editors,
    title = {{No Title}},
    author = {Editors, Series},
    isbn = {0387225374}
}

@book{Christakis2009,
    title = {{NoConnected: The surprising power of our social networks and how they shape our lives. Title}},
    year = {2009},
    author = {Christakis, N. A. and Fowler, J. H.},
    editor = {New York: Little, Brown.}
}

@book{Berman1979,
    title = {{Nonnegative matrices in the mathematical sciences}},
    year = {1979},
    author = {Berman, Abraham and Plemmons, Robert J.},
    publisher = {Academic Press},
    address = {New York}
}

@article{NOAA2003,
    title = {{NORTH ATLANTIC RIGHT WHALE ( Eubalaena glacialis ): Western Atlantic Stock 2003}},
    year = {2003},
    author = {{NOAA}},
    number = {December 2003},
    pages = {6--13}
}

@book{Sen1973,
    title = {{On Economic Inequality}},
    year = {1973},
    author = {Sen, Amartya and Foster, James},
    pages = {275},
    publisher = {CLARENDON PRESS},
    isbn = {019829297X},
    doi = {10.1093/0198281935.001.0001}
}

@article{Johnston2010,
    title = {{On inequality and health , again : A response to Bernburg , and Barford , Dorling and Pickett}},
    year = {2010},
    journal = {Social Science {\&} Medicine},
    author = {Johnston, Ron and Jen, Min-hua and Jones, Kelvyn},
    number = {4},
    pages = {498--500},
    volume = {70},
    publisher = {Elsevier Ltd},
    url = {http://dx.doi.org/10.1016/j.socscimed.2009.10.058},
    doi = {10.1016/j.socscimed.2009.10.058},
    issn = {0277-9536},
    keywords = {multi-level modelling}
}

@article{Hatori1966,
    title = {{On Markov chains with rewards}},
    year = {1966},
    journal = {Kodai Mathematical Seminar Reports},
    author = {Hatori, Hirohisa},
    pages = {184--192},
    volume = {18}
}

@article{Rosenblatt1957,
    title = {{On the graphs and asymptotic forms of finite boolean relation matrices and stochastic matrices}},
    year = {1957},
    journal = {Naval Research Logistics Quarterly},
    author = {Rosenblatt, David},
    pages = {151‚Äì167},
    volume = {4}
}

@article{Leslie1945,
    title = {{On the use of matrices in certain population mathematics}},
    year = {1945},
    journal = {Biometrika},
    author = {Leslie, P. H.},
    pages = {183--212},
    volume = {33},
    keywords = {matrices}
}

@book{Hofstra,
    title = {{Online Social Networks Essays on Membership, Privacy, and Structure}},
    author = {Hofstra, Bas and Baldassarri, dr D and Uitermark, dr JL and Vliegenthart, dr R and van de Rijt, dr A},
    isbn = {978-90-393-6808-4}
}

@article{Oscar2010,
    title = {{Panel data analysis fixed and random effects using Stata}},
    year = {2010},
    journal = {Data and Statistical Services},
    author = {Oscar, Torres-reyna},
    number = {December},
    pages = {1--40},
    volume = {3}
}

@article{Borsch-Supan,
    title = {{Paper: The Impact of a Productivity Slowdown on Pension Systems in Europe}},
    author = {B{\"{o}}rsch-Supan, Axel},
    keywords = {Europe, productivity}
}

@article{Barclay2018,
    title = {{Parity and Mortality: An Examination of Different Explanatory Mechanisms Using Data on Biological and Adoptive Parents}},
    year = {2018},
    journal = {European Journal of Population},
    author = {Barclay, Kieron and Kolk, Martin},
    publisher = {Springer Netherlands},
    url = {http://link.springer.com/10.1007/s10680-018-9469-1},
    doi = {10.1007/s10680-018-9469-1},
    issn = {0168-6577},
    keywords = {018-9469-1, 10, 1007, Parity,Mortality,Adoption,Register data,Sweden, adoption {\'{a}} register data, article, authorized users, contains supplementary material, doi, electronic supplementary material the, https, online version of this, org, parity {\'{a}} mortality {\'{a}}, s10680-, which is available to, {\'{a}} sweden}
}

@article{Holzmann,
    title = {{Pension Reform Issues and Prospects for Non-Financial Defined Contribution (NDC) Schemes}},
    author = {Holzmann, Robert and Palmer, Edward},
    url = {www.worldbank.org},
    isbn = {978-0-8213-6038-5},
    doi = {10.1596}
}

@article{Oecd2017,
    title = {{Pensions at a Glance 2017: OECD and G20 Indicators}},
    year = {2017},
    author = {{Oecd}},
    url = {http://www.oecd-ilibrary.org/docserver/download/8117681e.pdf?expires=1517917392&id=id&accname=guest&checksum=65FCE960CED39A17B3375CC60188B1AA}
}

@article{Persson2000,
    title = {{Political Economics: Explaining Economic Policy}},
    year = {2000},
    journal = {MIT Press},
    author = {{Persson} and {Tabellini}}
}

@article{Billari,
    title = {{Population Dynamics and Economics 1}},
    author = {Billari, Francesco}
}

@article{Billarif,
    title = {{Population Dynamics and Economics 10}},
    author = {Billari, Francesco}
}

@article{Macro,
    title = {{Population Dynamics and Economics 13}},
    author = {Macro, From and Billari, Francesco}
}

@article{Billaria,
    title = {{Population Dynamics and Economics 2}},
    author = {Billari, Francesco}
}

@article{Billarib,
    title = {{Population Dynamics and Economics 3}},
    author = {Billari, Francesco}
}

@article{Billaric,
    title = {{Population Dynamics and Economics 4}},
    author = {Billari, Francesco}
}

@article{Billarid,
    title = {{Population Dynamics and Economics 5}},
    author = {Billari, Francesco}
}

@article{Transition,
    title = {{Population Dynamics and Economics 6}},
    author = {Transition, Second Demographic}
}

@article{Billarie,
    title = {{Population Dynamics and Economics 9}},
    author = {Billari, Francesco}
}

@article{Billarig,
    title = {{Population Dynamics and Economics 9}},
    author = {Billari, Francesco}
}

@article{Banyar2016,
    title = {{Possible Reforms of Pay-As-You-Go Pension Systems}},
    year = {2016},
    journal = {European Journal of Social Security},
    author = {Bany{\'{a}}r, J√≥zsef},
    number = {3},
    pages = {286--308},
    volume = {18},
    url = {http://journals.sagepub.com/doi/10.1177/138826271601800303},
    doi = {10.1177/138826271601800303},
    issn = {1388-2627},
    keywords = {child-rearing, demographic problem, pension, pension reform}
}

@article{Fiscella1997,
    title = {{Poverty or income inequality as predictor of mortality : longitudinal cohort study}},
    year = {1997},
    author = {Fiscella, Kevin and Franks, Peter},
    number = {June},
    pages = {8--11},
    volume = {314}
}

@article{Alesina1990,
    title = {{Public Confidence and debt management: a model and a case study of Italy}},
    year = {1990},
    author = {Alesina, A. and Prati, A. and Tabellini, G.}
}

@misc{AlesinaAA.PratiandG.Tabellini,
    title = {{Public Confidence and debt management: a model and a case study of Italy}},
    year = {1990},
    author = {A, Alesina and A., Prati and G., Tabellini}
}

@article{Watson2016,
    title = {{Publication quality tables in Stata using tabout}},
    year = {2016},
    journal = {Stata User Group Meeting},
    author = {Watson, Ian},
    number = {September}
}

@article{Bugliari2016,
    title = {{RAND HRS Data Documentation, Version P}},
    year = {2016},
    author = {Bugliari, Delia and Campbell, Nancy and Chan, Chris and Hayden, Orla and Hurd, Michael and Main, Regan and Mallett, Joshua and McCullough, Colleen and Meijer, Erik and Moldoff, Michael and Pantoja, Philip and Rohwedder, Susann and St. Clair, Patricia},
    number = {October},
    pages = {1580},
    url = {file:///C:/Users/truefunk/Downloads/randhrs_P.pdf%0Ahttp://hrsonline.isr.umich.edu/modules/meta/rand/randhrso/randhrs_O.pdf}
}

@book{Kneusel2018,
    title = {{Random Numbers and Computers}},
    year = {2018},
    author = {Kneusel, Ronald T.},
    publisher = {Springer International Publishing AG},
    isbn = {978-3-319-77696-5},
    doi = {10.1007/978-3-319-17260-6}
}

@article{Barford2009,
    title = {{Re-evaluating self-evaluation. A commentary on Jen, Jones, and Johnston (68:4, 2009)}},
    year = {2009},
    author = {Barford, Anna and Dorling, Danny and Pickett, Kate},
    pages = {1--2},
    doi = {10.1016/j.socscimed.2009.10.059}
}

@article{Tibi1996,
    title = {{Regression Shrinkage and Selection via the Lasso}},
    year = {1996},
    journal = {Journal of the Royal Statistical Society},
    author = {Tibshirani, Robert},
    number = {1},
    pages = {267--288},
    volume = {58}
}

@article{Rao1988,
    title = {{Resampling Inference With Complex Survey Data}},
    year = {1988},
    journal = {Journal of the American Statistical Association},
    author = {Rao, J N K and Wu, C F J},
    number = {401},
    pages = {231- 241},
    volume = {83}
}

@article{Heckathorn1997,
    title = {{Respondent-Driven Sampling: A New Approach to the Study of Hidden Populations}},
    year = {1997},
    journal = {Social Problems},
    author = {Heckathorn, Douglas D.},
    number = {2},
    pages = {174--199},
    volume = {44},
    url = {http://www.jstor.org/stable/3096941},
    isbn = {0037-7791},
    doi = {10.1525/sp.1997.44.2.03x0221m},
    issn = {0037-7791},
    pmid = {18551229}
}

@article{HeckathornDD.,
    title = {{Respondent-driven sampling: a new approach to the study of hidden populations}},
    year = {1997},
    journal = {Social Problems},
    author = {Heckathorn, D.D.},
    pages = {174‚Äì199},
    volume = {44}
}

@article{Subramanian,
    title = {{Response: In defence of the income inequality hypothesis}},
    year = {2003},
    journal = {International Journal of Epidemiology},
    author = {Subramanian, SV and Kawachi, Ichiro},
    pages = {1037--1040},
    volume = {32},
    url = {https://watermark.silverchair.com/321037_dyg325.pdf?token=AQECAHi208BE49Ooan9kkhW_Ercy7Dm3ZL_9Cf3qfKAc485ysgAAAaUwggGhBgkqhkiG9w0BBwagggGSMIIBjgIBADCCAYcGCSqGSIb3DQEHATAeBglghkgBZQMEAS4wEQQMuAtReBmxCrF7kucbAgEQgIIBWOfTL_zQzmZlvgTLr8bXAUhmLP4Cf7-UjrvmLeTYG},
    doi = {10.1093/ije/dyg325}
}

@article{Desesquelles2010,
    title = {{Revisiting the mortality of France and Italy with the multiple-cause-of-death approach}},
    year = {2010},
    journal = {Demographic Research},
    author = {D{\'{e}}sesquelles, Aline and Salvatore, Michele Antonio and Frova, Luisa and Pace, Monica and Pappagallo, Marilena and Mesl{\'{e}}, France and Egidi, Viviana},
    isbn = {9788578110796},
    doi = {10.4054/DemRes.2010.23.28},
    issn = {14359871},
    pmid = {25246403},
    arxivId = {arXiv:1011.1669v3}
}

@article{Merli2016a,
    title = {{Sampling migrants from their social networks : The demography and social organization of Chinese migrants in Dar es Salaam, Tanzania}},
    year = {2016},
    journal = {Migration Studies},
    author = {Merli, M Giovanna and Verdery, Ashton and Mouw, Ted and Li, Jing},
    pages = {1--33},
    doi = {10.1093/migration/mnw004},
    issn = {2049-5838}
}

@article{Merli2016,
    title = {{Sampling Migrants from their Social Networks: The Demography and Social Organization of Chinese Migrants in Dar es Salaam, Tanzania.}},
    year = {2016},
    journal = {Migration studies},
    author = {Merli, M Giovanna and Verdery, Ashton and Mouw, Ted and Li, Jing},
    number = {2},
    month = {7},
    pages = {182--214},
    volume = {4},
    publisher = {NIH Public Access},
    url = {http://www.ncbi.nlm.nih.gov/pubmed/27746912 http://www.pubmedcentral.nih.gov/articlerender.fcgi?artid=PMC5061575},
    doi = {10.1093/migration/mnw004},
    issn = {2049-5838},
    pmid = {27746912},
    keywords = {Africa, China, International Migration, Social networks, Survey Sampling}
}

@article{Lohr1999,
    title = {{Sampling: Design and Analysis}},
    year = {1999},
    author = {Lohr, Sharon L},
    isbn = {0534353614},
    doi = {10.1002/1521-3773(20010316)40:6<9823::AID-ANIE9823>3.3.CO;2-C},
    issn = {14337851},
    pmid = {25246403},
    arxivId = {arXiv:1011.1669v3}
}

@article{Balcan2009,
    title = {{Seasonal transmission potential and activity peaks of the new influenza A(H1N1): A Monte Carlo likelihood analysis based on human mobility}},
    year = {2009},
    journal = {BMC Medicine},
    author = {Balcan, Duygu and Hu, Hao and Goncalves, Bruno and Bajardi, Paolo and Poletto, Chiara and Ramasco, Jose J. and Paolotti, Daniela and Perra, Nicola and Tizzoni, Michele and Broeck, Wouter V.D. and Colizza, Vittoria and Vespignani, Alessandro},
    pages = {45},
    volume = {7},
    isbn = {1741-7015},
    doi = {10.1186/1741-7015-7-45},
    issn = {17417015},
    pmid = {19744314},
    arxivId = {0909.2417}
}

@article{Brzinsky-fay2016,
    title = {{Sequence Analysis with Stata Sequence analysis with Stata}},
    year = {2016},
    author = {Brzinsky-fay, Christian and Brzinsky-fay, Christian and Kohler, Ulrich},
    number = {July}
}

@article{Merli2015,
    title = {{Sexual Mixing in Shanghai: Are Heterosexual Contact Patterns Compatible With an HIV/AIDS Epidemic?}},
    year = {2015},
    journal = {Demography},
    author = {Merli, M. Giovanna and Moody, James and Mendelsohn, Joshua and Gauthier, Robin},
    number = {3},
    pages = {919--942},
    volume = {52},
    isbn = {0070-3370},
    doi = {10.1007/s13524-015-0383-4},
    issn = {15337790},
    pmid = {25904346},
    keywords = {Assortative mating, China, HIV/STI, Network simulation, Sexual networks}
}

@article{Malter,
    title = {{SHARE Compliance Profiles ‚Äì Wave 6}},
    author = {Malter, Frederic and Schuller, Karin and B{\"{o}}rsch-supan, Axel},
    number = {September 2016},
    pages = {1--11},
    volume = {2016}
}

@article{Heckman,
    title = {{Share Overview}},
    author = {Heckman, James}
}

@article{MEA-MaxPlanckInstituteforSocialLawandSocialPolicy2017,
    title = {{SHARE Release Guide 6.0.0}},
    year = {2017},
    author = {{MEA - Max Planck Institute for Social Law and Social Policy}},
    pages = {1--84},
    url = {http://www.share-project.org/fileadmin/pdf_documentation/SHARE_release_guide_6-0-0.pdf},
    doi = {10.6103/SHARE.w5.500}
}

@article{Cochran1992,
    title = {{Simple Methods for Calculating Age-Based Life History Parameters for Stage-Structured Populations Author ( s ): Margaret E . Cochran and Stephen Ellner Published by : Ecological Society of America AGE-BASED LIFE HISTORY PARAMETERS FOR STAGE-STRUCTURED POP}},
    year = {1992},
    journal = {Ecological Monographs},
    author = {Cochran, Margaret E. and Ellener, Stephen},
    number = {3},
    pages = {345--364},
    volume = {62}
}

@article{Puschel2008a,
    title = {{Small guide to making nice tables}},
    year = {2008},
    author = {P{\"{u}}schel, Markus},
    url = {http://elisa.ddl.ish-lyon.cnrs.fr/fulltext/Gelas/guide-tables.pdf}
}

@book{PitkinDerose2009,
    title = {{Social Capital and Health Care Access: A Systematic Review}},
    year = {2009},
    booktitle = {Medical Care Research and Review},
    author = {Pitkin Derose, K. and Varda, Danielle M},
    number = {3},
    pages = {272--306},
    volume = {66},
    url = {http://mcr.sagepub.com/cgi/doi/10.1177/1077558708330428},
    isbn = {1077558708},
    doi = {10.1177/1077558708330428},
    issn = {1077-5587},
    keywords = {age, and sociodemographics, care system has, e, focused on individual characteristics, g, health care access, however, income, insurance cover-, interactions with the health, on individuals, recently, review, social capital, social networks, such as health status, there has been, uch of the research}
}

@article{Marmot2005,
    title = {{Social determinants of health inequalities}},
    year = {2005},
    journal = {Lancet},
    author = {Marmot, Michael},
    pages = {1099--1104},
    volume = {365}
}

@article{Devillanova2008,
    title = {{Social networks, information and health care utilization: Evidence from undocumented immigrants in Milan}},
    year = {2008},
    journal = {Journal of Health Economics},
    author = {Devillanova, Carlo},
    pages = {265--286},
    volume = {27},
    url = {http://www.elsevier.com/copyright www.sciencedirect.com},
    keywords = {Health utilization, I12 Keywords, J15, JEL classification, Network effects, Undocumented immigrants, Z13}
}

@article{Aartsen2017,
    title = {{Social pathways to health: On the mediating role of the social network in the relation between socio-economic position and health}},
    year = {2017},
    journal = {SSM - Population Health},
    author = {Aartsen, Marja and Veenstra, Marijke and Hansen, Thomas},
    month = {12},
    pages = {419--426},
    volume = {3},
    publisher = {Elsevier},
    url = {http://www.sciencedirect.com/science/article/pii/S2352827316301616},
    doi = {10.1016/J.SSMPH.2017.05.006},
    issn = {2352-8273}
}

@article{Watt2014,
    title = {{Social relationships and health related behaviors among older US adults}},
    year = {2014},
    journal = {BMC Public Health},
    author = {Watt, Richard G and Heilmann, Anja and Sabbah, Wael and Newton, Tim and Chandola, Tarani and Aida, Jun and Sheiham, Aubrey and Marmot, Michael and Kawachi, Ichiro and Tsakos, Georgios},
    number = {1},
    pages = {533},
    volume = {14},
    url = {http://bmcpublichealth.biomedcentral.com/articles/10.1186/1471-2458-14-533},
    isbn = {1471-2458 (Electronic) 1471-2458 (Linking)},
    doi = {10.1186/1471-2458-14-533},
    issn = {1471-2458},
    pmid = {24885507},
    keywords = {aging, health behaviors, social relationships}
}

@article{Borsch-Supana,
    title = {{Social security and public insurance}},
    author = {B{\"{o}}rsch-Supan, Axel and H{\"{a}}rtl, Klaus and Leite, Duarte Nuno},
    url = {http://www.mea.mpisoc.mpg.de/uploads/user_mea_discussionpapers/1719_DP 04-2016.pdf}
}

@article{Braveman2010a,
    title = {{Socioeconomic disparities in health in the united States: What the patterns tell us}},
    year = {2010},
    journal = {American Journal of Public Health},
    author = {Braveman, Paula A. and Cubbin, Catherine and Egerter, Susan and Williams, David R. and Pamuk, Elsie},
    number = {SUPPL. 1},
    pages = {S186-S196},
    volume = {100},
    isbn = {1541-0048 (Electronic){\textbackslash}n0090-0036 (Linking)},
    doi = {10.2105/AJPH.2009.166082},
    issn = {00900036},
    pmid = {20147693}
}

@article{Mackenbach2013,
    title = {{Socioeconomic Inequalities in Health in 22 European Countries}},
    year = {2013},
    journal = {The new england journal of medicine Special},
    author = {Mackenbach, JP and Stirbu, I and Roskam, AJ},
    number = {23},
    pages = {2468--2481},
    volume = {358}
}

@article{Leslie1948,
    title = {{Some further notes on the uses of matrices in population mathematics}},
    year = {1948},
    journal = {Biometrika},
    author = {Leslie, P. H.},
    pages = {213--245},
    volume = {35},
    keywords = {matrices}
}

@article{Ishwaran2005,
    title = {{Spike and slab variable selection: Frequentist and Bayesian strategies}},
    year = {2005},
    journal = {The Annals of Statistics},
    author = {Ishwaran, Hemant and Rao, J. Sunil},
    number = {2},
    month = {4},
    pages = {730--773},
    volume = {33},
    publisher = {Institute of Mathematical Statistics},
    url = {http://projecteuclid.org/euclid.aos/1117114335},
    doi = {10.1214/009053604000001147},
    issn = {0090-5364},
    keywords = {Generalized ridge regression, Zcut, hypervariance, model averaging, model uncertainty, ordinary least squares, penalization, rescaling, shrinkage, stochastic variable selection}
}

@book{Casella2006,
    title = {{Springer Texts in Statistics}},
    year = {2006},
    booktitle = {Design},
    author = {Casella, George and Fienberg, Stephen and Olkin, Ingram},
    pages = {618},
    volume = {102},
    url = {http://books.google.com/books?id=9tv0taI8l6YC},
    isbn = {9780387781884},
    doi = {10.1016/j.peva.2007.06.006},
    issn = {01621459},
    pmid = {10911016},
    arxivId = {arXiv:1011.1669v3}
}

@book{Casella2006a,
    title = {{Springer Texts in Statistics}},
    year = {2006},
    booktitle = {Design},
    author = {Casella, George and Fienberg, Stephen and Olkin, Ingram},
    pages = {618},
    volume = {102},
    url = {http://books.google.com/books?id=9tv0taI8l6YC},
    isbn = {9780387781884},
    doi = {10.1016/j.peva.2007.06.006},
    issn = {01621459},
    pmid = {10911016},
    arxivId = {arXiv:1011.1669v3}
}

@article{Caswell2009,
    title = {{Stage, age and individual stochasticity in demography}},
    year = {2009},
    journal = {Oikos},
    author = {Caswell, Hal},
    number = {12},
    pages = {1763--1782},
    volume = {118},
    isbn = {1600-0706},
    doi = {10.1111/j.1600-0706.2009.17620.x},
    issn = {00301299}
}

@book{Zwillinger2000,
    title = {{Standard Probability and Statistics Tables and Formulae}},
    year = {2000},
    author = {Zwillinger, Daniel and Kokoska, Stephen},
    publisher = {CRC Press},
    issn = {0040-1706},
    pmid = {11785548}
}

@article{Kitagawa1964,
    title = {{Standardized Comparisons in Population-Research}},
    year = {1964},
    journal = {Demography},
    author = {Kitagawa, E M},
    number = {1},
    pages = {296--315},
    volume = {1},
    issn = {0070-3370}
}

@article{Index2002,
    title = {{Stat 507}},
    year = {2002},
    author = {Index, Body Mass and Syndrome, Metabolic and Disease, Cardiovascular and Men, Middle-aged},
    pages = {9--10},
    volume = {507},
    doi = {10.1161/CIRCULATIONAHA.109.88752}
}

@book{forbes2011,
    title = {{Statistical Distributions}},
    year = {2011},
    booktitle = {New York},
    author = {Forbes, Catherine and Evans, M and Hastings, N and Peacock, B},
    edition = {4th},
    publisher = {John Wiley {\&} Sons}
}

@article{Hartemink2017a,
    title = {{Stochasticity, heterogeneity, and variance in longevity in human populations}},
    year = {2017},
    journal = {Theoretical Population Biology},
    author = {Hartemink, N A ; and Missov, T I ; and Caswell, Hal},
    pages = {107--116},
    volume = {114},
    keywords = {Gamma-Gompertz-Makeham ‚ÄãGamma-Gompertz‚ÄìMakeham, Heterogeneous frailty, Individual stochasticity, Longevity, Variance, age-frailty Age‚Äìfrailty classified matrix model}
}

@article{Bergmann2017,
    title = {{Survey participation in the Survey of Health , Ageing and Retirement in Europe (SHARE), Wave 1-6. Based on Release 6.0.0 (March 2017).}},
    year = {2017},
    journal = {SHARE Working Paper Series},
    author = {Bergmann, Michael and Kneip, Thorsten and Luca, Giuseppe De and Scherpenzeel, Annette},
    number = {Munich: Munich Center for the Economics of Aging (MEA)},
    volume = {31-2017},
    address = {Working Paper Series 31-2017. Munich: Munich Center for the Economics of Aging (MEA).}
}

@article{Reichel2017,
    title = {{Surveying immigrants without sampling frames ‚Äì evaluating the success of alternative field methods}},
    year = {2017},
    journal = {Comparative Migration Studies},
    author = {Reichel, David and Morales, Laura},
    number = {1},
    month = {12},
    pages = {1},
    volume = {5},
    publisher = {Nature Publishing Group},
    url = {http://comparativemigrationstudies.springeropen.com/articles/10.1186/s40878-016-0044-9},
    doi = {10.1186/s40878-016-0044-9},
    issn = {2214-594X},
    keywords = {Migration, Population Economics, Sociology, general}
}

@article{Ambrosini2012,
    title = {{Surviving underground: Irregular migrants, Italian families, invisible welfare}},
    year = {2012},
    journal = {International Journal of Social Welfare},
    author = {Ambrosini, Maurizio},
    isbn = {13696866},
    doi = {10.1111/j.1468-2397.2011.00837.x},
    issn = {13696866},
    keywords = {Domestic sector, Irregular immigration, Italy, Migration policies, Underground economy, Welfare system}
}

@article{OMalley2013,
    title = {{The analysis of social network data: An exciting frontier for statisticians}},
    year = {2013},
    journal = {Statistics in Medicine},
    author = {O'Malley, A. James},
    number = {4},
    pages = {539--555},
    volume = {32},
    isbn = {0277-6715},
    doi = {10.1002/sim.5630},
    issn = {02776715},
    pmid = {23023735},
    keywords = {Christakis-Fowler, Dyad, Network, Peer effect, Relationship, Social influence, Social selection}
}

@article{LoueS1999,
    title = {{The Assessment of Immigration Status in Health Research}},
    year = {1999},
    journal = {Vital Health Stat},
    author = {S, Loue and A., Bunce},
    number = {127},
    volume = {2},
    url = {https://www.cdc.gov/nchs/data/series/sr_02/sr02_127.pdf}
}

@article{Chetty2016,
    title = {{The association between income and life expectancy in the United States, 2001-2014}},
    year = {2016},
    journal = {JAMA - Journal of the American Medical Association},
    author = {Chetty, Raj and Stepner, Michael and Abraham, Sarah and Lin, Shelby and Scuderi, Benjamin and Turner, Nicholas and Bergeron, Augustin and Cutler, David},
    number = {16},
    pages = {1750--1766},
    volume = {315}
}

@article{Subramanian2003,
    title = {{The association between state income inequality and worse health is not confounded by race}},
    year = {2003},
    journal = {International Journal of Epidemiology},
    author = {Subramanian, S. V. and Kawachi, Ichiro},
    number = {6},
    pages = {1022--1028},
    volume = {32},
    isbn = {0300-5771 (Print){\textbackslash}r0300-5771},
    doi = {10.1093/ije/dyg245},
    issn = {03005771},
    pmid = {14681268},
    keywords = {Income inequality, Multilevel analysis, Race, Self-rated health, US}
}

@article{Park2008,
    title = {{The Bayesian Lasso}},
    year = {2008},
    journal = {Journal of the American Statistical Association},
    author = {Park, Trevor and Casella, George},
    number = {482},
    pages = {681--686},
    volume = {103},
    url = {http://www.tandfonline.com/doi/abs/10.1198/016214508000000337},
    isbn = {0162-1459},
    doi = {10.1198/016214508000000337},
    issn = {0162-1459},
    pmid = {21156729},
    keywords = {empirical bayes, gibbs sampler, hierarchical model, inverse gaussian, linear regression, penalized regression, scale}
}

@article{Preston1975a,
    title = {{The Changing Relation between Mortality and Level of Economic Development}},
    year = {1975},
    journal = {Population Studies},
    author = {Preston, Samuel H.},
    number = {2},
    pages = {231--248},
    volume = {29}
}

@article{Shkolnikov2017,
    title = {{The decomposition of the difference between two healthy life expectancies. Which formula is right?}},
    journal = {MPIDR Working Paper WP 2017-016},
    author = {Shkolnikov, Vladimir M. and Evgen, Andreev M.}
}

@article{Lee2003,
    title = {{The Demographic Transition: Three Centuries of Fundamental Change}},
    year = {2003},
    journal = {Journal of Economic Perspectives},
    author = {Lee, Ronald},
    number = {4},
    pages = {167--190},
    volume = {17}
}

@book{Siegel2012,
    title = {{The Demography and Epidemiology of Human Health and aging}},
    year = {2012},
    author = {Siegel, Jacob S.},
    publisher = {Springer},
    address = {New York}
}

@article{Cutler2006,
    title = {{The Determinants of Mortality}},
    year = {2006},
    journal = {Journal of Economic Perspectives},
    author = {Cutler, David and Deaton, Angus and Lleras-muney, Adriana},
    number = {3},
    pages = {97--120},
    volume = {20}
}

@article{Perotti2016,
    title = {{The economics of structured finance}},
    year = {2016},
    author = {Perotti, Roberto},
    pages = {1--11}
}

@article{Hastie2009,
    title = {{The Elements of Statistical Learning}},
    year = {2009},
    journal = {Springer New York USA HuberW},
    author = {Hastie, Trevor and Tibshirani, Robert and Friedman, Jerome},
    pages = {764},
    volume = {18},
    url = {http://statweb.stanford.edu/~tibs/ElemStatLearn/%5Cnhttp://link.springer.com/10.1007/978-0-387-84858-7},
    isbn = {978-0-387-84857-0},
    doi = {10.1007/978-0-387-84858-7},
    issn = {00111287},
    pmid = {15512507},
    arxivId = {1512.00567}
}

@article{Hastie2001,
    title = {{The Elements of Statistical Learning}},
    year = {2001},
    journal = {Springer 2001},
    author = {Hastie, T and Tibshirani, R and Friedman, J},
    number = {4},
    pages = {746},
    volume = {18},
    isbn = {978-0-387-84857-0},
    doi = {10.1007/b94608},
    issn = {00111287},
    pmid = {15512507}
}

@article{Cristia2007,
    title = {{The Empirical Relationship Between Lifetime Earnings and Mortality}},
    year = {2007},
    journal = {Working Paper Series},
    author = {Cristia, Julian P}
}

@article{Chen2015,
    title = {{The evolution of the disability-adjusted life year (DALY)}},
    year = {2015},
    journal = {Socio-Economic Planning Sciences},
    author = {Chen, Ariel and Jacobsen, Kathryn H. and Deshmukh, Ashish A. and Cantor, Scott B.},
    pages = {10--15},
    volume = {49},
    publisher = {Elsevier Ltd},
    url = {http://dx.doi.org/10.1016/j.seps.2014.12.002},
    doi = {10.1016/j.seps.2014.12.002},
    issn = {00380121},
    keywords = {Burden of disease, Cost-effectiveness analysis, DALY, Health metrics}
}

@article{Goldman2015,
    title = {{The Future Elderly Model: Technical Documentation}},
    year = {2015},
    author = {Goldman, Dana P and Michaud, Pierre-Carl and Corporation, Rand and Sullivan, Jeffrey and Tysinger, Bryan},
    url = {https://www.nap.edu/resource/19015/Growing_Gap_Appendix_B.pdf}
}

@article{Bonetti2009,
    title = {{The Gini concentration test for survival data}},
    year = {2009},
    journal = {Lifetime Data Analysis},
    author = {Bonetti, Marco and Gigliarano, Chiara and Muliere, Pietro},
    number = {4},
    pages = {493--518},
    volume = {15},
    isbn = {1098500991255},
    doi = {10.1007/s10985-009-9125-5},
    issn = {13807870},
    pmid = {19728088},
    keywords = {Cure rate model, Gini index, Linear rank test, Melanoma, Right censored survival data}
}

@article{Truesdale2016,
    title = {{The Health Effects of Income Inequality: Averages and Disparities}},
    year = {2016},
    journal = {Annual Review of Public Health},
    author = {Truesdale, Beth C. and Jencks, Christopher},
    number = {1},
    pages = {413--430},
    volume = {37},
    url = {http://www.annualreviews.org/doi/10.1146/annurev-publhealth-032315-021606},
    isbn = {1545-2093 (Electronic){\textbackslash}r0163-7525 (Linking)},
    doi = {10.1146/annurev-publhealth-032315-021606},
    issn = {0163-7525},
    pmid = {26735427},
    keywords = {health disparities, health inequality, life expectancy, mortality gradient}
}

@article{Vaupel1979,
    title = {{The Impact of Heterogeneity in Individual Frailty on the Dynamics of Mortality}},
    year = {1979},
    journal = {Demography},
    author = {Vaupel, James W. and Manton, Kenneth G. and Stallard, Eric},
    number = {3},
    pages = {439},
    volume = {16},
    url = {http://link.springer.com/10.2307/2061224},
    isbn = {00703370},
    doi = {10.2307/2061224},
    issn = {00703370},
    pmid = {510638}
}

@article{Chon-Dominczak2018,
    title = {{The Impact of Life-Course Developments on Pensions in the NDC Systems in Poland, Italy and Sweden and Point System in Germany}},
    year = {2018},
    author = {Ch{\l}o{\'{n}}-Domi{\'{n}}czak, Agnieszka and G{\'{o}}ra, Marek and Kotowska, Irena E and Magda, Iga and Ruzik-Sierdzi{\'{n}}ska, Anna and Strzelecki, Pawe≈Ç},
    url = {www.iza.org},
    keywords = {NDC, employment path, gender pay gap, interrupted carriers, lifetime labour income, old-age pensions, sequence analysis}
}

@article{Jetter2016,
    title = {{The Intimate Link between Income Levels and Life Expectancy: Global Evidence from 213 Years}},
    year = {2016},
    journal = {IZA Discussion Paper No. 10015},
    author = {Jetter, Michael and Stadelmann, David and Jetter, Michael and Stadelmann, David},
    number = {10015},
    keywords = {historical panel data, income levels, life expecta}
}

@article{Rogers1973,
    title = {{The mathematics of multiregional demographic growth}},
    year = {1973},
    journal = {Environment and Planning},
    author = {Rogers, Andrei},
    pages = {3--29},
    volume = {5}
}

@article{Rogers1966,
    title = {{The Multiregional Matrix Growth Operator and the Stable Interregional Age Structure}},
    year = {1966},
    journal = {Demography},
    author = {Rogers, Andrei},
    number = {2},
    pages = {537--544},
    volume = {3}
}

@article{Mehta2017,
    title = {{The population health benefits of a healthy lifestyle: life expectancy increased and onset of disability delayed.}},
    year = {2017},
    author = {Mehta, Neil and Myrskyla, M.}
}

@article{Keyfitz1964,
    title = {{The population projection as a matrix operator.}},
    year = {1964},
    journal = {Demography},
    author = {Keyfitz, Nathan},
    pages = {56‚Äì73},
    volume = {1}
}

@misc{Kim2017b,
    title = {{The relationships between income inequality, welfare regimes and aggregate health: A systematic review}},
    year = {2017},
    booktitle = {European Journal of Public Health},
    author = {Kim, Ki Tae}
}

@phdthesis{Kim2017,
    title = {{The relationships between income inequality, welfare regimes and aggregate health: A systematic review}},
    year = {2016},
    author = {Kim, Ki Tae}
}

@article{Kim2017a,
    title = {{The relationships between income inequality, welfare regimes and aggregate health: A systematic review}},
    year = {2017},
    journal = {European Journal of Public Health},
    author = {Kim, Ki Tae},
    number = {3},
    pages = {397--404},
    volume = {27}
}

@article{Rise,
    title = {{The Rise of the Global Middle Class and Global Plutocrats}},
    author = {Rise, The and Class, Global Middle and Plutocrats, Global}
}

@article{Gompertz1825,
    title = {{The Royal Society is collaborating with JSTOR to digitize, preserve, and extend access to Philosophical Transactions of the Royal Society of London. {\textregistered} www.jstor.org}},
    year = {1825},
    author = {{Gompertz}}
}

@misc{Land,
    title = {{THE SPRINGER SERIES ON DEMOGRAPHIC METHODS AND POPULATION ANALYSIS Series Editor}},
    author = {Land, Kenneth C},
    isbn = {9789048189380}
}

@article{Solt2014,
    title = {{The Standardized Income Inequality Database}},
    year = {2014},
    journal = {Social Science QuarterlyQuarterly},
    author = {Solt, Frederick},
    volume = {60}
}

@misc{11992_2017,
    title = {{The Standardized World Income Inequality Database}},
    year = {2017},
    author = {Solt, Frederick},
    publisher = {Harvard Dataverse},
    url = {http://hdl.handle.net/1902.1/11992},
    doi = {1902.1/11992}
}

@article{Poole1995,
    title = {{The Stochastic Group Author}},
    year = {1995},
    journal = {The American Mathematical Monthly},
    author = {Poole, David G},
    number = {9},
    pages = {798--801},
    volume = {102}
}

@article{Turner2012,
    title = {{The strength of weak ties}},
    year = {2012},
    journal = {Science in Context},
    author = {Granovetter, Mark S.},
    number = {6},
    pages = {1360--1380},
    volume = {78},
    isbn = {0269-8897},
    doi = {10.1017/S0269889712000130}
}

@article{Tantau2007,
    title = {{The Tik Z and PGF Packages}},
    year = {2007},
    author = {Tantau, Till},
    url = {http://sourceforge.net/projects/pgf}
}

@article{Stronks2009,
    title = {{The utility of ‚Äòcountry of birth‚Äô for the classification of ethnic groups in health research: the Dutch experience}},
    year = {2009},
    journal = {Ethnicity {\&} Health},
    author = {Stronks, Karien and Kulu-Glasgow, Isik and Agyemang, Charles},
    number = {3},
    month = {6},
    pages = {255--269},
    volume = {14},
    url = {http://www.ncbi.nlm.nih.gov/pubmed/19052941 http://www.tandfonline.com/doi/abs/10.1080/13557850802509206},
    doi = {10.1080/13557850802509206},
    issn = {1355-7858},
    pmid = {19052941}
}

@article{Abio1490,
    title = {{The welfare state and demographic dividends}},
    year = {1490},
    journal = {DEMOGRAPHIC RESEARCH},
    author = {Ab{\'{i}}o, Gemma and Patxot, Concepci√≥ and S{\'{a}}nchez-Romero, Miguel and Souto, Guadalupe},
    number = {1453},
    volume = {36},
    url = {http://www.demographic-research.org/Volumes/Vol36/48/},
    doi = {10.4054/DemRes.2017.36.48}
}

@article{Hackl,
    title = {{TIKZ-NETWORK MANUAL}},
    author = {Hackl, Rgen}
}

@article{Waldron2007,
    title = {{Trends in Mortality Differentials and Life Expectancy for Male Social Security ‚Äì Covered Workers , by Socioeconomic Status}},
    year = {2007},
    author = {Waldron, Hilary},
    number = {3},
    volume = {67}
}

@misc{Nerlove1973,
    title = {{Univariate and Multivariate Log-linear and Logistic Models}},
    year = {1973},
    booktitle = {Economic Developement Administration and the National Institutes of Health},
    author = {Nerlove, Marc and Press, James S.},
    number = {Santa Monica, 1973.},
    volume = {RAND‚ÄîR1306},
    url = {http://www.prgs.edu/content/dam/rand/pubs/reports/2006/R1306.pdf},
    isbn = {00549},
    pmid = {546}
}

@article{Brown1994,
    title = {{Using gini-style indices to evaluate the spatial patterns of health practitioners: Theoretical considerations and an application based on Alberta data}},
    year = {1994},
    journal = {Social Science and Medicine},
    author = {Brown, Malcolm C.},
    number = {9},
    pages = {1243--1256},
    volume = {38},
    isbn = {0277-9536},
    doi = {10.1016/0277-9536(94)90189-9},
    issn = {02779536},
    pmid = {8016689},
    keywords = {Alberta, Gini-coefficient, doctor-population ratios, health practitioners, manpower distributions, spatial modelling}
}

@article{Johnson2008,
    title = {{Using Weights in the Analysis of Survey Data}},
    year = {2008},
    author = {Johnson, David R.},
    number = {November},
    pages = {1--13},
    url = {http://webcache.googleusercontent.com/search?q=cache:uGZI5JAA6UsJ:help.pop.psu.edu/help-by-statistical-method/weighting/Introduction to survey weights pri version.ppt+weighting+survey+data&cd=3&hl=en&ct=clnk&gl=us}
}

@article{Scholey2017a,
    title = {{Visualizing compositional data on the Lexis surface}},
    year = {2017},
    journal = {Demographic Research},
    author = {Sch{\"{o}}ley, Jonas and Willekens, Frans},
    doi = {10.4054/DemRes.2017.36.21},
    issn = {14359871}
}

@article{Scholey2017,
    title = {{Visualizing compositional data on the Lexis surface}},
    year = {2017},
    journal = {Demographic Research},
    author = {Sch{\"{o}}ley, Jonas and Willekens, Frans},
    doi = {10.4054/DemRes.2017.36.21},
    issn = {14359871}
}

@article{Borsch-supan2003,
    title = {{What are NDC Pension Systems ? What Do They Bring to Reform Strategies ?}},
    year = {2003},
    author = {B{\"{o}}rsch-supan, Axel and B{\"{o}}rsch-supan, Axel},
    number = {December}
}

@article{Borsch-Supan2003b,
    title = {{What are NDC Pension Systems? What Do They Bring to Reform Strategies? What are NDC Pension Systems? What Do They Bring to Reform Strategies? What are NDC Pension Systems? What Do They Bring to Reform Strategies?}},
    year = {2003},
    author = {B{\"{o}}rsch-Supan, Axel and Barr, Peter and Diamond, Anna and Hedborg, Robert and Holzmann, Assar and Lindbeck, Ed and Palmer, Michal and Rutkowski, Salvador and Valdes, Prieto},
    url = {http://www.mea.mpisoc.mpg.de/uploads/user_mea_discussionpapers/fu66wudcl4okogdk_dp42.pdf}
}

@article{Leinonen2015,
    title = {{Working Life and Retirement Expectancies at Age 50 by Social Class: Period and Cohort Trends and Projections for Finland}},
    year = {2015},
    journal = {The Journals of Gerontology Series B: Psychological Sciences and Social Sciences},
    author = {Leinonen, T. and Martikainen, P. and Myrskyla¬†, M.},
    number = {00},
    pages = {1--13},
    volume = {00},
    url = {https://academic.oup.com/psychsocgerontology/article-lookup/doi/10.1093/geronb/gbv104},
    isbn = {1079-5014},
    doi = {10.1093/geronb/gbv104},
    issn = {1079-5014},
    pmid = {26560805},
    keywords = {a key component of, active ageing strategies designed, address the challenges of, among older people is, foster, labor market participation, life expectancy, longevity, population ageing, projections, socioeconomic status, the promotion of employment, to, trends}
}

@techreport{WorldHealthOrganization2015,
    title = {{World Report on Ageing and Health}},
    year = {2015},
    booktitle = {World Health Organization},
    author = {{World Health Organization}},
    pages = {4--260},
    url = {http://apps.who.int/iris/bitstream/10665/186463/1/9789240694811_eng.pdf%0Ahttp://www.ncbi.nlm.nih.gov/pubmed/15003161%5Cnhttp://cid.oxfordjournals.org/lookup/doi/10.1093/cid/cir991%5Cnhttp://www.scielo.cl/pdf/udecada/v15n26/art06.pdf%5Cnhttp://www.scopus.},
    isbn = {9780874216561},
    doi = {10.1007/s13398-014-0173-7.2},
    issn = {07221541},
    pmid = {15991970},
    arxivId = {arXiv:1011.1669v3},
    keywords = {Education reform, Personnel requirements, Psychiatry, Psychotherapist}
}

@article{Yourself2018,
    title = {{" Mariage pour tous ... et adoption pour personne ?"}},
    year = {2018},
    author = {Yourself, Express},
    pages = {1--5}
}

@misc{102016,
    title = {{10 0CT 2016}}
}

@misc{11_4OCT2016-20137.pdf,
    title = {{11{\_}4OCT2016-20137.pdf}}
}

@misc{122016,
    title = {{12 SEPT 2016}}
}

@misc{132016,
    title = {{13 SEPT 2016}}
}

@misc{13_11OCT2016-20137.pdf,
    title = {{13{\_}11OCT2016-20137.pdf}}
}

@misc{14_24OCT2016-20137.pdf,
    title = {{14{\_}24OCT2016-20137.pdf}}
}

@misc{15_25OCT2016-201371.pdf,
    title = {{15{\_}25OCT2016-20137 (1).pdf}}
}

@misc{16_27OCT2016-201372.pdf,
    title = {{16{\_}27OCT2016-20137 (2).pdf}}
}

@misc{17_7NOV2016-20137.pdf,
    title = {{17{\_}7NOV2016-20137.pdf}}
}

@misc{18_8NOV2016-201371.pdf,
    title = {{18{\_}8NOV2016-20137 (1).pdf}}
}

@misc{192016,
    title = {{19 SEPT 2016}}
}

@misc{19_14NOV2016-20137.pdf,
    title = {{19{\_}14NOV2016-20137.pdf}}
}

@misc{202016,
    title = {{20 SEPT 2016}}
}

@misc{20_15NOV2016-20137-with-R-code.pdf,
    title = {{20{\_}15NOV2016-20137-with-R-code.pdf}}
}

@misc{21NOV2016-20137.pdf,
    title = {{21NOV2016-20137.pdf}}
}

@misc{222016,
    title = {{22 SEPT 2016}}
}

@misc{22NOV2016-20137.pdf,
    title = {{22NOV2016-20137.pdf}}
}

@misc{24NOV2016-20137.pdf,
    title = {{24NOV2016-20137.pdf}}
}

@misc{262016,
    title = {{26 SEPT 2016}}
}

@misc{272016,
    title = {{27 SEPT 2016}}
}

@misc{28NOV2016-20137.pdf,
    title = {{28NOV2016-20137.pdf}}
}

@misc{292016,
    title = {{29 NOV 2016}}
}

@misc{32016,
    title = {{3 OCT 2016}}
}

@misc{52016,
    title = {{5 DEC 2016}}
}

@article{Perotti20186MARKET,
    title = {{6 THE FINANCIAL CRISIS FALL 2006 / SPRING 2007: THE FIRST SIGNS OF STRESS IN THE HOUSING MARKET}},
    year = {2018},
    author = {Perotti, Roberto}
}

@article{Rickayzen2002AELDERLY,
    title = {{A Multi-State Model of Disability for the United Kingdom: Implications for Future Need for Long-Term Care for the Elderly A Multi-State Model of Disability for the United Kingdom: Implications for Future Need for Long-Term Care for the Elderly A MULTI-STATE MODEL OF DISABILITY FOR THE UNITED KINGDOM: IMPLICATIONS FOR FUTURE NEED FOR LONG-TERM CARE FOR THE ELDERLY}},
    year = {2002},
    journal = {British Actuarial Journal British Actuarial Journal British Actuarial Journal},
    author = {Rickayzen, B D and Walsh, D E P},
    number = {8},
    pages = {341--393},
    volume = {8},
    url = {http://journals.cambridge.org/BAJ http://journals.cambridge.org/abstract_S1357321700003755},
    doi = {10.1017/S1357321700003755}
}

@article{A1926,
    title = {{a19 The response of the ECB to the financial crisis 2018 04 26}}
}

@misc{AcademischPhD,
    title = {{Academisch Medisch Centrum - Prof. dr. A.E. Kunst PhD}},
    url = {https://www.amc.nl/web/research-amc/person-1/prof.-dr.-a.e.-kunst-phd.htm}
}

@article{Hoerl1970AmericanProblems,
    title = {{American Society for Quality Ridge Regression: Biased Estimation for Nonorthogonal Problems}},
    year = {1970},
    journal = {Source: Technometrics},
    author = {Hoerl, Arthur E and Kennard, Robert W},
    number = {1},
    pages = {55--67},
    volume = {12},
    url = {http://www.jstor.org/stable/1267351 http://links.jstor.org/action/showPublisher?publisherCode=astata.}
}

@article{George1997APPROACHESSELECTION,
    title = {{APPROACHES FOR BAYESIAN VARIABLE SELECTION}},
    year = {1997},
    journal = {Statistica Sinica},
    author = {George, Edward I and Mcculloch, Robert E},
    pages = {339--373},
    volume = {7},
    url = {http://citeseerx.ist.psu.edu/viewdoc/download?doi=10.1.1.211.4871&rep=rep1&type=pdf},
    keywords = {Conjugate prior, Gibbs sampling, Gray Code, Markov chain Monte Carlo, Metropolis-Hastings algorithms, and phrases, hierarchi-cal models, normal mixtures, normalization constant, regression, simulation}
}

@article{Zanella2017Bayesian1,
    title = {{Bayesian Statistical methods -20231 -Computational part lecture 1}},
    year = {2017},
    author = {Zanella, G},
    url = {https://blackboard.unibocconi.it/bbcswebdav/pid-94410-dt-content-rid-610671_1/courses/20231_31_2017/BayesianStat_Lecture_1%281%29.pdf}
}

@article{Zanella2017Bayesian2,
    title = {{Bayesian Statistical methods -20231 -Computational part lecture 2}},
    year = {2017},
    author = {Zanella, G},
    url = {https://blackboard.unibocconi.it/bbcswebdav/pid-94412-dt-content-rid-610654_1/courses/20231_31_2017/BayesianStat_Lecture_2.pdf}
}

@article{Zanella2017Bayesian3,
    title = {{Bayesian Statistical methods -20231 -Computational part lecture 3}},
    year = {2017},
    author = {Zanella, G},
    url = {https://blackboard.unibocconi.it/bbcswebdav/pid-94417-dt-content-rid-610662_1/courses/20231_31_2017/BayesianStat_Lecture_3.pdf}
}

@article{Zanella2017Bayesian4,
    title = {{Bayesian Statistical methods -20231 -Computational part lecture 4}},
    year = {2017},
    author = {Zanella, G},
    url = {https://blackboard.unibocconi.it/bbcswebdav/pid-95519-dt-content-rid-644322_1/courses/20231_31_2017/BayesianStat_Lecture_4.pdf}
}

@article{1865Benjamin1779-1865,
    title = {{Benjamin gompertz, 1779-1865}},
    year = {1865}
}

@article{Mouw2014BinationalTransnationalism,
    title = {{Binational Social Networks and Assimilation: A Test of the Importance of Transnationalism}},
    year = {2014},
    journal = {Source: Social Problems},
    author = {Mouw, Ted and Chavez, Sergio and Edelblute, Heather and Verdery, Ashton},
    number = {3},
    pages = {329--359},
    volume = {61},
    url = {http://www.jstor.org/stable/10.1525/sp.2014.12192 http://www.jstor.org/page/info/about/policies/terms.jsp},
    doi = {10.1525/sp.2014.12192}
}

@article{Willekens2013ChronologicalResearch,
    title = {{Chronological objects in demographic research}},
    year = {2013},
    journal = {Demographic Research},
    author = {Willekens, Frans J.},
    month = {3},
    pages = {649--680},
    volume = {28},
    url = {http://www.demographic-research.org/volumes/vol28/23/},
    doi = {10.4054/DemRes.2013.28.23},
    issn = {1435-9871}
}

@misc{Comune_Milano_Gestione_Profughi_2017,
    title = {{Comune{\_}Milano{\_}Gestione{\_}Profughi{\_}2017}}
}

@article{Convergenze,
    title = {{Convergenze}}
}

@article{Jdanov2017DecomposingMethod,
    title = {{Decomposing Current Mortality Differences Into Initial Differences and Differences in Trends: The Contour Decomposition Method}},
    year = {2017},
    journal = {Demography},
    author = {Jdanov, Dmitri A. and Shkolnikov, Vladimir M. and van Raalte, Alyson A. and Andreev, Evgeny M.},
    number = {4},
    month = {8},
    pages = {1579--1602},
    volume = {54},
    url = {http://link.springer.com/10.1007/s13524-017-0599-6},
    doi = {10.1007/s13524-017-0599-6},
    issn = {0070-3370}
}

@article{Caswell2015DemographyStochasticity,
    title = {{Demography and the statistics of lifetime economic transfers under individual stochasticity}},
    year = {2015},
    journal = {Demographic Research},
    author = {Caswell, Hal and Kluge, Fanny Annemarie},
    number = {1},
    pages = {563--588},
    volume = {32},
    doi = {10.4054/DemRes.2015.32.19},
    issn = {14359871}
}

@article{ECONOMICDEMOCRACY,
    title = {{ECONOMIC ORIGINS OF DICTATORSHIP AND DEMOCRACY}}
}

@article{Wilkinson1986EDUCATIONOwspar,
    title = {{EDUCATION {\&} DEBATE For Debate ctrles . owspar}},
    year = {1986},
    author = {Wilkinson, R G},
    pages = {165--168},
    volume = {304}
}

@article{Fasani2015EmploymentProgram,
    title = {{Employment of Undocumented Immigrants and the Prospect of Legal Status: Evidence from an Amnesty Program}},
    year = {2015},
    author = {Fasani, Francesco and Frattini, Tommaso},
    url = {https://www.carloalberto.org/assets/events/frattini-5apr2016.pdf},
    keywords = {F22, Illegal immigration, J61, K37, Legalization JEL codes, Natural experiment}
}

@article{2017FlowCompared,
    title = {{Flow Monitoring Surveys: The Human Trafficking and Other Exploitative Practices Indication Survey Analysis on Adults and Children on the Mediterranean Routes Compared}},
    year = {2017},
    number = {April}
}

@article{Srakar2017ForWorkers,
    title = {{For financial or active ageing reasons ? Econometric evidence from SHARE on health of the older precarious workers}},
    year = {2017},
    author = {Srakar, Andrej and Rupel, Valentina Prevolnik}
}

@article{FragmentationExpectancy,
    title = {{Fragmentation of retirement markets due to differences in life expectancy}}
}

@article{Hiller2017FriendsFormation,
    title = {{Friends and enemies: A model of signed network formation}},
    year = {2017},
    journal = {Theoretical Economics},
    author = {Hiller, Timo},
    pages = {1057--1087},
    volume = {12},
    url = {https://econtheory.org/ojs/index.php/te/article/viewFile/20171057/18837/556},
    doi = {10.3982/TE1937},
    keywords = {D74, D85, F51, Signed network formation, bullying, contest success function, economics of conflict, international relations, structural balance}
}

@article{Full-text,
    title = {{full-text}}
}

@misc{Grinstead_C,
    title = {{Grinstead{\_}C}}
}

@article{1950GuideLiving,
    title = {{Guide to Easy Living}},
    year = {1950},
    doi = {10.6103/SHARE.easy.600}
}

@misc{HazardModel,
    title = {{Hazard model}}
}

@article{Matinale2018LaPoursuit,
    title = {{La baisse inexorable des adoptions internationales se poursuit}},
    year = {2018},
    author = {Matinale, La and Cette, I and Haye, La},
    pages = {2017--2018}
}

@misc{Lecture1,
    title = {{Lecture 1}}
}

@article{Erc2018LifespanInequalities,
    title = {{Lifespan Inequalities}},
    year = {2018},
    author = {Erc, This and Lifeineq, Specifically},
    pages = {1--2}
}

@article{MethodsDatabase,
    title = {{Methods Protocol for the Human Mortality Database}},
    url = {http://www.mortality.org/Public/Docs/MethodsProtocol.pdf}
}

@article{MoreGermany,
    title = {{More information relating to the Lifespan Inequalities Research Group, the open positions, and life in Rostock, Germany}},
    url = {http://www.demogr.mpg.de/mediacms/6232_main_More information relating to the Lifespan Inequalities Research Group.pdf}
}

@article{1948NoTitle,
    title = {{No Title}},
    year = {1948}
}

@article{NoTitle,
    title = {{No Title}}
}

@article{2018NoTitle,
    title = {{No Title}},
    year = {2018},
    number = {May},
    pages = {1--8}
}

@article{BillariNudgingFund,
    title = {{Nudging financial and demographic literacy: experimental evidence from an Italian Trade Union Pension Fund}},
    author = {Billari, Francesco C and Favero, Carlo A and Saita, Francesco},
    url = {http://ssrn.c https://ssrn.com/abstract=3095919},
    keywords = {D91, Finlife JEL Classification, demographic literacy, field experiment, financial literacy, pensions}
}

@article{BillariNudgingFundb,
    title = {{Nudging financial and demographic literacy: experimental evidence from an Italian Trade Union Pension Fund}},
    author = {Billari, Francesco C and Favero, Carlo A and Saita, Francesco},
    url = {http://ssrn.c https://ssrn.com/abstract=3095919},
    keywords = {D91, Finlife JEL Classification, demographic literacy, field experiment, financial literacy, pensions}
}

@misc{PitkinDeroseMedCareResRev2009-annotated.pdf,
    title = {{PitkinDeroseMedCareResRev2009-annotated.pdf}}
}

@article{RevolutionPopulation7,
    title = {{Population Dynamics and Economics 7}},
    author = {Revolution, The Gender and Billari, Francesco}
}

@article{BillariPopulation8,
    title = {{Population Dynamics and Economics 8}},
    author = {Billari, Francesco}
}

@article{Banyar2016PossibleSystems,
    title = {{Possible Reforms of Pay-As-You-Go Pension Systems}},
    year = {2016},
    journal = {European Journal of Social Security},
    author = {Bany{\'{a}}r, J√≥zsef},
    number = {3},
    month = {9},
    pages = {286--308},
    volume = {18},
    url = {http://journals.sagepub.com/doi/10.1177/138826271601800303},
    doi = {10.1177/138826271601800303},
    issn = {1388-2627}
}

@book{Korbmacher2016RecallRetirement,
    title = {{Recall error in the year of retirement Recall Error in the Year of Retirement}},
    year = {2016},
    author = {Korbmacher, Julie M and Korbmacher, Julie M},
    isbn = {2006028812},
    doi = {10.6103/SHARE.w4.111},
    keywords = {acknowledgement, barbara felderer, helmut farbmacher, i would like to, recall error, record linkage, thank johanna bristle, validation}
}

@misc{RiskDifferences,
    title = {{Risk Differences and Rate Differences}},
    url = {http://sphweb.bumc.bu.edu/otlt/mph-modules/ep/ep713_association/EP713_Association5.html#headingtaglink_1}
}

@article{Objectives2013SensitivityAnalyses,
    title = {{Sensitivity and Elasticity Analyses}},
    year = {2013},
    author = {Objectives, Learning and Let, Introduction}
}

@book{Adeline2016SomeIncome,
    title = {{Some microeconometric evidence on the relationship between health and income relationship between health and income}},
    year = {2016},
    author = {Adeline, Amelie and Delattre, Eric},
    isbn = {2006028812}
}

@article{Objectives2013Stage-StructuredModeling,
    title = {{Stage-Structured Lefkovitch Matrix Population Modeling}},
    year = {2013},
    author = {Objectives, Learning and Mathematically, Introduction},
    number = {Gotelli 2001}
}

@article{STATAMANUAL,
    title = {{STATA BASE REFERENCE MANUAL}},
    url = {https://www.stata.com/manuals/r.pdf},
    isbn = {978-1-59718-249-2}
}

@article{Tesi,
    title = {{Tesi}}
}

@article{RndallTHESTATISTICS,
    title = {{THE ADVANCED THEORY OF STATISTICS}},
    author = {Rndall, M A Uriee G and Sc, D and Stuart, Alan and Boon, B Sc},
    volume = {2}
}

@article{Pascariu2018TheModel,
    title = {{The double-gap life expectancy forecasting model}},
    year = {2018},
    journal = {Insurance: Mathematics and Economics},
    author = {Pascariu, Marius D. and Canudas-Romo, Vladimir and Vaupel, James W.},
    month = {1},
    pages = {339--350},
    volume = {78},
    publisher = {North-Holland},
    url = {https://www.sciencedirect.com/science/article/pii/S0167668717304262?via%3Dihub},
    doi = {10.1016/J.INSMATHECO.2017.09.011},
    issn = {0167-6687}
}

@article{Colchero2016ThePopulations.,
    title = {{The emergence of longevous populations.}},
    year = {2016},
    journal = {Proceedings of the National Academy of Sciences of the United States of America},
    author = {Colchero, Fernando and Rau, Roland and Jones, Owen R and Barthold, Julia A and Conde, Dalia A and Lenart, Adam and Nemeth, Laszlo and Scheuerlein, Alexander and Schoeley, Jonas and Torres, Catalina and Zarulli, Virginia and Altmann, Jeanne and Brockman, Diane K and Bronikowski, Anne M and Fedigan, Linda M and Pusey, Anne E and Stoinski, Tara S and Strier, Karen B and Baudisch, Annette and Alberts, Susan C and Vaupel, James W},
    number = {48},
    month = {11},
    pages = {E7681-E7690},
    volume = {113},
    publisher = {National Academy of Sciences},
    url = {http://www.ncbi.nlm.nih.gov/pubmed/27872299 http://www.pubmedcentral.nih.gov/articlerender.fcgi?artid=PMC5137748},
    doi = {10.1073/pnas.1612191113},
    issn = {1091-6490},
    pmid = {27872299},
    keywords = {biodemography, equality, lifespan, pace and shape, senescence}
}

@misc{TheBooks,
    title = {{The Survey of Health, Ageing and Retirement in Europe (SHARE): First Results Books}},
    url = {http://www.share-project.org/share-publications/first-results-books.html}
}

@article{Franco2009TrajectoriesStudy,
    title = {{Trajectories of Entering the Metabolic Syndrome: The Framingham Heart Study}},
    year = {2009},
    journal = {Circulation},
    author = {Franco, O. H. and Massaro, J. M. and Civil, J. and Cobain, M. R. and O'Malley, B. and D'Agostino, R. B.},
    number = {20},
    month = {11},
    pages = {1943--1950},
    volume = {120},
    url = {http://circ.ahajournals.org/cgi/doi/10.1161/CIRCULATIONAHA.109.855817},
    doi = {10.1161/CIRCULATIONAHA.109.855817},
    issn = {0009-7322}
}

@article{Liu1995TransitionsJapan,
    title = {{Transitions in Functional Status and Active Life Expectancy Among Older People in Japan}},
    year = {1995},
    journal = {Journal of Gerontology: SOCIAL SCIENCES},
    author = {Liu, Xian and Liang, Jersey and Muramatsu, Naoko and Sugisawa, Hidehiro},
    number = {6},
    pages = {383--394},
    volume = {50},
    url = {http://citeseerx.ist.psu.edu/viewdoc/download?doi=10.1.1.872.7709&rep=rep1&type=pdf}
}

@article{Liu1995TransitionsJapanb,
    title = {{Transitions in Functional Status and Active Life Expectancy Among Older People in Japan}},
    year = {1995},
    author = {Liu, Xian and Muramatsu, Naoko and Sugisawa, Hidehiro},
    number = {6},
    pages = {383--394},
    volume = {50}
}

@article{2014TRATTAMENTIBENEFICIARI,
    title = {{TRATTAMENTI PENSIONISTICI E BENEFICIARI}},
    year = {2014},
    url = {https://www.inps.it/docallegatiNP/Mig/Doc/sas_stat/BeneficiariPensioni/Trattamenti_pensionistici_beneficiari-2014.pdf}
}

@article{UMVUE,
    title = {{UMVUE}}
}

@article{Leinonen2018WorkingFinland,
    title = {{Working Life and Retirement Expectancies at Age 50 by Social Class: Period and Cohort Trends and Projections for Finland}},
    year = {2018},
    journal = {The Journals of Gerontology: Series B},
    author = {Leinonen, Taina and Martikainen, Pekka and Myrskyl{\"{a}}, Mikko},
    number = {2},
    month = {1},
    pages = {302--313},
    volume = {73},
    url = {http://academic.oup.com/psychsocgerontology/article/73/2/302/2631917},
    doi = {10.1093/geronb/gbv104},
    issn = {1079-5014}
}

@misc{2011Nathan_Keyfitz_Introduction_to_the_Mathematics_oBookFi.org,
    title = {{[Nathan{\_}Keyfitz]{\_}Introduction{\_}to{\_}the{\_}Mathematics{\_}o(BookFi.org)}},
    year = {2011},
    pages = {1--256},
    url = {papers3://publication/uuid/6EAF1047-F060-4D3C-AE6D-1CE7D9B4D213}
}